1987 3230
721 825 1109 885 introductio

461 1031 489 1079 Ι.
523 1031 586 1079 De
617 1030 790 1079 finibus
823 1031 1032 1088 regionis
1064 1031 1365 1080 tractandae.

199 1127 322 1167 Fines
343 1127 522 1178 regionis,
555 1126 603 1165 de
626 1126 765 1177 quain
798 1126 871 1165 hoc
901 1125 1002 1165 libro
1033 1127 1197 1178 agimus,
1231 1127 1543 1178 complectuntur
1572 1142 1748 1179 regnum,

86 1185 190 1237 quod
222 1199 328 1224 nunc
359 1191 427 1231 est,
460 1184 646 1224 Graeciae
677 1190 794 1235 atque
825 1198 909 1222 eam
935 1190 1087 1235 partem
1109 1184 1221 1236 Epiri
1253 1191 1292 1224 et
1313 1185 1462 1232 Cretae,
1494 1199 1611 1237 quam
1632 1186 1749 1225 Turci

84 1243 273 1282 obtinent.
341 1242 455 1291 Quae
496 1242 610 1293 regio,
657 1241 706 1280 ob
746 1243 856 1280 cuius
902 1248 1044 1280 natura
1087 1256 1195 1282 nunc
1235 1256 1408 1294 agamUS,
1456 1244 1751 1295 septemtriones

81 1314 216 1340 versus
258 1300 455 1340 Albaniae
496 1306 534 1338 et
571 1299 828 1338 Macedoniae
867 1300 1036 1339 finitima
1077 1306 1154 1351 est3
1198 1301 1385 1340 dividitur
1423 1302 1466 1339 in
1506 1308 1581 1340 tres
1622 1309 1750 1353 partes

82 1359 177 1398 satis
209 1359 434 1404 disiunctas,
467 1371 632 1409 quarum
664 1358 789 1409 prima
810 1356 994 1405 Epirum
1016 1364 1054 1396 et
1074 1357 1355 1397 Thessaliam
1387 1365 1425 1397 et
1446 1372 1531 1398 eam
1552 1360 1748 1411 regionem

81 1417 265 1463 continet,
307 1430 407 1467 quae
445 1415 494 1454 ab
537 1416 597 1453 his
628 1415 840 1467 provinciis
872 1415 1114 1455 occidentem
1148 1430 1282 1455 versus
1314 1417 1403 1455 sinu
1434 1417 1646 1456 Ambracio
1686 1418 1750 1465 (de

81 1475 207 1526 Arta),
240 1474 426 1513 orientem
447 1487 584 1513 versus
607 1474 695 1512 sinu
718 1473 889 1512 Maliaco
921 1474 984 1524 (de
1006 1474 1163 1525 Lamia)
1196 1474 1358 1521 seclusa,
1391 1473 1538 1513 media
1561 1474 1751 1515 Graecia

81 1533 164 1572 sive
182 1531 338 1571 Hellas
360 1531 595 1578 nominatur,
618 1545 718 1582 quae
739 1532 843 1582 regio
864 1531 936 1569 has
959 1533 1134 1570 continet
1153 1532 1394 1584 provincias:
1426 1531 1749 1581 Acarnaniam,

81 1588 319 1638 Aetoliam,
367 1587 592 1638 Doridem,
638 1587 893 1637 Phocidem,
940 1588 1190 1638 Locridem,
1235 1589 1482 1630 Boeotiam.
1530 1590 1749 1639 Atticam3

81 1647 203 1687 altera
232 1661 323 1699 pars
353 1647 717 1694 Peloponnesum
748 1661 837 1685 cum
860 1647 1027 1686 Graecia
1058 1648 1188 1686 inedia
1216 1648 1359 1687 isthmo
1382 1648 1585 1687 Corinthio
1616 1649 1750 1687 cohae-

80 1712 232 1745 rentem
249 1704 530 1757 complectitur,
553 1705 662 1743 cuius
679 1705 903 1756 provinciae
925 1706 998 1743 hae
1015 1712 1126 1744 sunt:
1151 1705 1258 1754 Elis,
1281 1704 1466 1754 Achaia,
1490 1705 1749 1753 Corinthus,

81 1762 280 1814 Argolis,
321 1761 532 1811 Arcadia,
574 1761 809 1811 Messenia,
850 1762 1069 1811 Laconia;
1116 1765 1228 1802 tertia
1264 1778 1353 1815 pars
1384 1764 1535 1803 insulas
1566 1764 1749 1809 continet,

83 1834 249 1872 quarum
280 1822 321 1859 in
353 1822 448 1858 mari
480 1821 622 1860 Jonico
645 1821 739 1859 sitae
771 1827 864 1858 sunt
894 1822 1008 1859 haec:
1044 1820 1254 1870 Corcyra,
1286 1820 1466 1860 Leukas
1499 1822 1580 1861 sive
1611 1821 1750 1861 Santa

84 1880 256 1927 Maura,
299 1878 471 1926 Ithaca,
521 1877 810 1926 cephalonia,
850 1877 1125 1927 Zacynthus,
1168 1880 1311 1930 quibus
1353 1879 1491 1918 insulis
1534 1879 1751 1918 nonnullae

82 1935 235 1975 insulae
265 1936 433 1974 minores
464 1942 736 1987 aggregantur,
768 1942 812 1974 ut
843 1936 891 1974 ab
922 1936 1054 1975 insula
1076 1937 1197 1976 Corfu
1228 1936 1424 1989 aquilonis
1455 1943 1584 1988 partes
1616 1951 1750 1977 versus

83 1993 297 2042 Erikusa,
329 1993 467 2042 Fano,
501 1992 759 2042 Mathrathi,
792 1993 841 2032 ab
870 1994 1007 2033 eadem
1040 1994 1172 2033 insula
1202 1995 1398 2033 meridiem
1433 2009 1569 2034 versus
1601 1995 1750 2034 Paxos

82 2058 121 2090 et
151 2051 419 2099 Antipaxos,
460 2051 600 2090 deinde
631 2051 763 2090 insula
793 2052 893 2090 inter
923 2053 1188 2091 continentem
1225 2053 1346 2091 altera
1385 2067 1433 2092 ex
1470 2060 1588 2104 parte,
1630 2053 1752 2091 alt-era

84 2124 132 2148 ex
164 2117 272 2160 parte
302 2109 526 2148 Leucadem
567 2115 606 2147 et
645 2109 823 2148 Ithacam
866 2110 971 2156 sitae,
1017 2123 1066 2148 ex
1105 2109 1246 2161 quibus
1288 2111 1477 2161 imprimis
1521 2124 1752 2150 commemo-

83 2167 228 2206 randae
260 2173 353 2206 sunt
384 2165 647 2219 Echinades,
681 2167 849 2218 denique
875 2166 1162 2217 Strophades,
1195 2182 1295 2219 quae
1317 2169 1367 2207 ab
1399 2169 1528 2207 insula
1549 2168 1751 2219 Zacyntho

84 2225 283 2264 meridiem
325 2238 460 2264 versus
501 2225 596 2263 sitae
641 2232 753 2272 sunt;
804 2225 944 2264 deinde
984 2225 1133 2264 insulas
1175 2239 1198 2264 a
1237 2226 1510 2278 Peloponneso
1554 2226 1749 2264 meridiem

83 2296 218 2321 versus
251 2283 345 2321 sitas
376 2288 420 2320 ut
453 2281 730 2331 Sapiensam,
771 2282 988 2331 Schiram,
1031 2282 1346 2333 Elaphonisos,
1390 2283 1627 2333 Cytheram
1671 2284 1751 2322 sive

86 2338 262 2390 Cerigo,
304 2339 642 2389 Anticytheram
685 2341 767 2380 sive
806 2339 1048 2390 Cerigotto,
1089 2355 1251 2392 quarum
1295 2343 1467 2380 maxima
1506 2348 1564 2380 est
1606 2339 1750 2388 Creta,

86 2412 184 2449 quae
224 2399 310 2449 ipsa
351 2397 554 2436 nonnullis
585 2398 724 2436 insulis
761 2398 976 2436 minoribus
1008 2399 1289 2446 circumdatur;
1331 2399 1498 2450 denique
1528 2399 1679 2437 insulas
1710 2400 1751 2436 in

85 2457 181 2493 mari
204 2455 363 2506 Aegaeo
395 2456 498 2502 sitas,
530 2469 630 2507 quae
660 2463 768 2494 sunt:
803 2455 1039 2504 Sporades,
1073 2456 1271 2505 Euboea,
1305 2458 1365 2495 cui
1396 2456 1542 2496 Petali
1574 2456 1750 2494 insulae

85 2513 232 2552 adnum
251 2514 419 2552 erandae
436 2520 538 2560 sunt,
562 2513 908 2562 Pharmacusae,
929 2513 1134 2563 Salamis,
1155 2512 1344 2564 Aegina,
1367 2514 1538 2562 Hydra,
1562 2512 1750 2561 Spetsai,

87 2569 316 2619 Cyclades,
355 2572 394 2609 in
428 2571 571 2623 quibus
602 2570 799 2620 Andros,
832 2572 991 2619 Tenos,
1024 2572 1141 2611 Keos
1175 2573 1255 2611 sive
1288 2571 1390 2621 Cea,
1430 2572 1636 2621 Kythnos
1669 2572 1750 2609 sive

86 2627 308 2677 Thermia,
343 2628 471 2678 Syra,
504 2629 653 2677 Delos,
687 2629 919 2678 Mykonos,
952 2628 1121 2678 Piperi,
1163 2628 1387 2678 Seriphos,
1419 2628 1750 2676 Seriphopulos,

87 2684 293 2734 Siphnos,
316 2685 575 2734 Antiparos,
598 2687 757 2735 Paros,
781 2687 948 2734 Naxos,
971 2686 1194 2736 Makaria,
1217 2688 1410 2735 Denusa,
1434 2686 1749 2733 Eremomelos,

87 2743 239 2790 Melos,
283 2743 499 2792 Kimolos,
547 2744 760 2793 Polynos,
808 2744 1165 2795 Pholegandros,
1207 2744 1508 2792 Kardiotissa,
1550 2743 1749 2791 Sikinos,

86 2800 181 2848 Jos,
212 2800 473 2849 Herakleia,
506 2801 795 2850 Schoinussa,
829 2801 1141 2851 Kuphonesos,
1176 2803 1335 2850 Karos,
1367 2801 1600 2851 Amorgos,
1638 2801 1747 2839 The-

86 2857 223 2907 rasia,
254 2858 398 2897 Thera
429 2860 509 2898 sive
542 2858 770 2908 Santorin,
803 2858 1007 2908 Anaphe,
1041 2873 1129 2898 cum
1161 2860 1364 2898 nonnullis
1397 2859 1565 2911 scogliis.
