1987 3230
210 152 298 186 XIV
925 154 1145 187 introductio.

798 288 862 336 ΙΙΙ.
895 288 960 336 De
990 289 1280 346 irrigatione.

328 383 495 423 Graecia
528 382 705 434 plurimis
736 383 971 421 fluminibus
1014 384 1202 435 irrigatur,
1246 398 1408 435 quorum
1446 384 1697 436 plurimorum
1737 398 1870 424 cursus

212 442 340 480 brevi>-
373 449 440 486 est,
473 454 589 491 quare
621 448 766 479 aestate
798 454 911 491 saepe
943 454 1098 491 prorsus
1129 442 1385 480 exsiccantur.

327 499 374 537 In
418 499 612 536 montibus
646 498 753 549 Epiri
795 498 1182 549 septemtrionalibus,
1227 513 1249 537 a
1289 500 1432 550 quibus
1469 499 1635 538 flumina
1678 500 1716 538 in
1750 499 1872 539 Alba-

212 557 316 595 niam
349 556 605 601 divertuntur,
636 557 732 593 haec
764 556 932 593 flumina
958 557 1143 607 originem
1166 557 1323 602 habent,
1355 570 1454 608 quae
1475 558 1514 595 in
1546 558 1740 607 regionem
1775 559 1874 597 inter

213 614 413 652 meridiem
453 621 491 651 et
521 614 760 651 occidentem
793 620 1033 665 spectantem
1066 621 1169 652 reeta
1206 615 1244 651 in
1276 615 1416 652 fretum
1449 615 1547 653 inter
1578 615 1787 667 Corcyram
1819 617 1873 654 in-

213 672 340 710 sulam
366 678 404 709 et
424 671 689 709 continentem
712 672 822 709 sitam
844 671 1037 709 influunt:
1071 671 1314 710 Kalesiotis
1340 672 1501 719 flumen,
1531 673 1644 724 quod,
1666 680 1872 724 postquam

215 729 453 768 Bistricam
488 729 527 766 in
560 743 599 766 se
631 729 788 780 recepit,
830 730 871 766 in
904 728 1114 767 Butrinto
1156 729 1285 768 lacum
1323 729 1473 775 influit;
1515 744 1537 768 a
1568 744 1645 781 quo
1676 731 1873 770 meridiem

214 801 350 826 versus
375 786 515 826 Pavla
546 793 582 824 et
605 785 816 835 Thyamis
849 787 930 825 sive
960 787 1171 825 Kalamas
1203 787 1374 825 flumina
1404 801 1502 838 quae
1534 788 1632 826 inter
1663 788 1873 840 Corcyram

212 844 383 883 insulam
425 850 462 882 et
502 845 768 883 continentem
810 844 996 883 influunt.
1057 845 1154 883 Pars
1196 845 1348 883 insulae
1389 846 1625 884 contrarium
1667 843 1875 885 Acheron

213 902 364 940 flumen
398 901 542 947 influit,
584 908 791 953 postquam
824 902 958 953 paullo
991 909 1080 940 ante
1118 916 1204 941 cum
1239 901 1401 951 Cocyto
1433 902 1475 941 fl.
1507 916 1547 941 se
1579 904 1791 950 coniunxit,
1833 904 1874 942 in

213 960 314 1011 quod
349 960 476 1011 ipsum
511 959 805 1009 Margarition
836 960 878 998 fl.
911 959 1056 998 influit.
1113 960 1161 998 In
1195 961 1321 998 sinum
1356 960 1631 999 Ambracicum
1663 960 1805 1000 Luros
1837 967 1876 1000 et

215 1016 466 1056 Araellthos
508 1017 677 1055 flumina
714 1018 902 1058 influunt,
966 1018 1014 1055 In
1047 1018 1225 1056 Peristeri
1266 1018 1485 1065 montibus,
1528 1018 1749 1058 Achelous
1794 1019 1876 1057 sive

215 1074 576 1122 Aspropotamos,
614 1089 735 1113 unum
767 1089 816 1113 ex
847 1076 1026 1113 maximis
1059 1075 1246 1114 Graeciae
1277 1075 1522 1120 fluminibus,
1566 1077 1697 1123 oritur,
1738 1077 1803 1128 qui
1836 1077 1876 1114 in

217 1133 415 1171 meridiem
457 1140 583 1171 rectus
615 1133 730 1171 Pindi
768 1132 891 1172 valles
932 1139 971 1171 et
1011 1133 1290 1171 occidentalem
1323 1133 1503 1172 Aetoliae
1537 1140 1686 1186 partem
1719 1134 1878 1186 perfluit

215 1198 333 1242 atque
374 1190 507 1229 multis
549 1191 763 1229 minoribus
804 1190 1042 1229 fluminibus
1079 1191 1241 1242 receptis
1285 1192 1323 1229 in
1363 1192 1517 1242 regione
1557 1206 1580 1230 a
1611 1191 1875 1243 Missolunghi

214 1248 454 1287 occidentem
498 1262 633 1287 versus
672 1250 744 1286 sita
775 1249 813 1286 in
848 1262 952 1287 mare
983 1248 1133 1293 influit3
1176 1261 1254 1299 qua
1295 1248 1344 1287 ab
1385 1249 1478 1287 urbe
1519 1250 1704 1287 orientem
1742 1263 1877 1288 versus

216 1306 393 1345 Evenos
426 1307 508 1344 sive
530 1305 753 1354 Phidaris,
786 1306 890 1357 quod
910 1306 1062 1344 flumen
1085 1305 1207 1344 multo
1229 1306 1401 1345 breviore
1427 1320 1541 1345 cursu
1573 1313 1643 1358 est⁷
1676 1307 1716 1345 in
1749 1307 1877 1345 sinum

214 1364 431 1402 Patranum
465 1378 503 1402 se
535 1364 773 1415 praecipitat.
834 1364 883 1402 In
915 1363 1121 1402 Lakmone
1154 1365 1233 1403 sive
1266 1364 1373 1415 Zygo
1404 1371 1545 1410 monte,
1579 1366 1645 1416 qui
1677 1366 1717 1402 in
1748 1364 1878 1403 Pindo

217 1421 522 1473 septemtrionali
571 1422 668 1460 situs
715 1427 791 1468 est,
855 1422 961 1473 apud
1007 1421 1203 1460 Malakasi
1251 1421 1442 1461 Peneios
1494 1423 1574 1461 sive
1626 1421 1877 1461 salambria

215 1479 366 1518 fluvius
397 1481 526 1525 oritur,
570 1480 647 1530 qui⁷
692 1485 897 1530 postquam
940 1493 1082 1530 magno
1114 1479 1224 1517 flexu
1262 1479 1466 1530 planitiem
1497 1480 1763 1519 Thessalicam
1796 1494 1878 1531 per-

215 1537 345 1585 fluxit,
390 1536 563 1588 Olympo
600 1544 637 1575 et
668 1537 772 1576 Ossa
813 1537 1009 1576 montibus
1051 1537 1092 1575 in
1132 1538 1332 1588 angustias
1370 1537 1594 1589 compulsus
1634 1552 1702 1589 per
1731 1538 1879 1589 Tempe

217 1594 359 1633 vallem
392 1595 429 1632 in
464 1608 568 1633 mare
591 1609 630 1633 se
652 1595 902 1646 praecipitat3
935 1595 1042 1633 cuius
1064 1595 1244 1633 fluminis
1264 1595 1459 1633 sinistram
1484 1596 1523 1633 in
1546 1596 1669 1646 rIpam
1694 1594 1878 1646 Georgi-

216 1651 328 1690 trias
360 1652 519 1698 fluvius,
552 1654 616 1703 qui
649 1666 698 1690 ex
720 1653 916 1691 montibus
937 1653 977 1690 in
1000 1652 1148 1690 finibus
1171 1652 1425 1691 Macedoniae
1447 1653 1527 1691 sitis
1546 1654 1733 1704 originem
1765 1654 1877 1704 capit,

217 1711 426 1760 Murgan,
460 1709 737 1759 TrikalinOS,
780 1710 939 1749 Xerias
971 1711 1095 1755 fluvii,
1139 1711 1178 1747 in
1212 1710 1411 1748 dexteram
1442 1711 1565 1761 ripam
1597 1724 1685 1749 cum
1718 1711 1878 1749 Kasta-

217 1767 420 1806 niotikos
452 1775 534 1806 tum
558 1766 770 1815 Enipeus,
803 1769 869 1819 qui
894 1769 978 1819 ipse
1010 1767 1155 1806 multos
1177 1767 1322 1807 fluvios
1344 1768 1487 1819 recipit,
1520 1768 1705 1807 influunt.
1750 1768 1880 1807 Vallis

216 1833 394 1876 angusta,
434 1839 532 1876 quae
570 1827 669 1864 inter
701 1825 868 1877 Othrym
900 1832 938 1864 et
970 1825 1110 1865 Oetam
1143 1832 1312 1864 montem
1347 1826 1419 1864 sita
1450 1832 1517 1872 est,
1561 1824 1771 1873 Sperchio
1803 1826 1878 1864 flu-

218 1884 323 1921 mine
355 1883 571 1934 pei-fluitur,
613 1884 717 1934 quod
748 1883 1032 1935 Thermopylas
1064 1890 1215 1934 praeter
1246 1883 1375 1921 fluens
1408 1884 1447 1921 in
1480 1884 1610 1921 sinum
1643 1884 1880 1922 Lamianum

216 1940 360 1978 influit.
412 1941 460 1978 In
493 1940 610 1979 latere
641 1941 825 1979 Parnassi
857 1940 1194 1992 septemtrionales
1226 1954 1361 1979 versus
1404 1942 1476 1979 sito
1517 1942 1879 1988 Mavropotamos

218 1999 300 2037 sive
334 1997 544 2045 Cepissus
578 1998 816 2037 Boeotieus
854 2000 1039 2050 originem
1080 2000 1192 2050 capit,
1236 1999 1301 2050 qui
1340 1998 1474 2037 multis
1505 1998 1638 2038 fluviis
1670 2006 1807 2038 auctus
1839 1999 1880 2036 in

219 2056 364 2094 laeum
390 2055 628 2102 Copaidem
662 2057 806 2096 influit.
861 2057 907 2095 In
942 2057 1102 2095 Boeotia
1133 2070 1286 2107 quoque
1313 2056 1492 2095 Ismeno
1524 2066 1562 2094 et
1584 2056 1713 2094 Dirce
1745 2056 1879 2094 fluviis

218 2113 327 2152 lacus
360 2113 528 2162 Hylike
567 2115 646 2152 sive
679 2114 843 2163 Lykeri
880 2128 1026 2166 parvus
1064 2114 1121 2153 fit.
1183 2114 1391 2152 Planitiem
1430 2114 1604 2152 Atticam
1637 2112 1879 2160 Cephissus

219 2170 369 2209 flumen
393 2172 562 2222 perfluit,
596 2172 699 2223 quod
722 2186 770 2210 ex
792 2172 988 2210 Parnethe
1014 2178 1051 2209 et
1071 2171 1274 2210 Pentelico
1296 2172 1494 2210 montibus
1515 2178 1642 2209 ortum
1666 2171 1814 2220 Ilysso
1838 2170 1879 2209 fl.

219 2235 373 2280 recepto
404 2229 510 2280 apud
542 2229 737 2267 Phaleron
768 2230 808 2267 in
840 2243 947 2268 mare
979 2244 1018 2267 se
1049 2229 1283 2281 praecipitat.

336 2286 454 2324 Multi
488 2287 600 2325 fluvii
632 2288 743 2338 parvi
776 2288 813 2325 in
849 2287 1036 2326 tractibus
1068 2287 1256 2325 montium
1288 2287 1326 2324 in
1360 2287 1665 2338 septemtrionali
1689 2286 1881 2337 Pelepon-

219 2344 302 2381 nesi
335 2351 443 2394 parte
475 2345 547 2382 sita
578 2345 765 2396 originem
799 2345 959 2396 capiunt
988 2351 1103 2396 atque
1140 2345 1179 2382 in
1213 2345 1340 2382 sinum
1373 2344 1664 2383 Corinthiacum
1696 2343 1881 2382 influunt.
1908 2371 1912 2375 ·

220 2401 378 2450 Quibus
410 2402 531 2440 maior
552 2401 749 2441 Peneius
781 2402 939 2447 fluvius,
972 2403 1038 2453 qui
1062 2402 1263 2453 Zacyntho
1296 2401 1447 2440 insulae
1468 2402 1682 2440 contrarius
1714 2402 1753 2439 in
1777 2414 1882 2439 mare

218 2459 389 2509 jonieum
435 2459 589 2505 influit;
632 2474 655 2498 a
695 2473 772 2511 quo
815 2460 1011 2498 meridiem
1055 2473 1188 2498 versus
1220 2459 1417 2506 Alpheus
1458 2460 1539 2499 sive
1580 2458 1792 2506 RupMas,
1833 2472 1881 2496 ex

222 2516 416 2554 Arcadiae
448 2517 648 2555 montibus
679 2526 786 2555 ortus
818 2517 964 2564 influit,
995 2531 1109 2568 porro
1136 2517 1331 2555 meridiem
1354 2531 1487 2555 versus
1508 2515 1627 2555 Buni
1660 2517 1739 2555 sive
1762 2515 1882 2554 Neda

221 2573 276 2619 fl„
300 2574 363 2624 qni
387 2588 434 2612 ex
460 2574 666 2626 Diaphorti
693 2582 824 2613 monte
847 2576 976 2614 oritur.
1020 2575 1239 2613 Messeniae
1262 2575 1477 2613 maximum
1501 2574 1649 2612 flumen
1673 2572 1881 2612 Pamisus

221 2631 304 2669 sive
328 2630 540 2670 Pirnatza
570 2639 638 2678 est,
671 2633 775 2683 quod
807 2633 847 2670 in
880 2633 1008 2671 sinum
1042 2632 1305 2671 Messenieum
1338 2631 1479 2670 influit.
1531 2631 1652 2670 Haud
1685 2631 1801 2680 longe
1832 2630 1882 2669 ab

221 2687 367 2739 Alphei
400 2689 575 2727 fontibus
598 2689 791 2728 Eurotae
824 2691 904 2729 sive
932 2689 996 2728 Iri
1029 2691 1132 2740 origo
1154 2690 1282 2736 distat,
1312 2691 1377 2741 qui
1400 2689 1578 2741 Spartam
1602 2688 1882 2739 praeterfluens

222 2746 324 2783 inter
354 2752 497 2784 tractus
529 2747 692 2797 Taygeti
730 2754 768 2785 et
799 2747 958 2786 Malevo
997 2748 1189 2785 montium
1222 2747 1382 2798 receptis
1415 2746 1546 2785 multis
1578 2746 1712 2785 fluviis
1744 2760 1792 2784 ex
1823 2745 1882 2783 his

222 2803 418 2841 montibus
465 2805 557 2842 ortis
604 2805 643 2841 in
690 2805 816 2843 sinum
859 2804 1214 2843 Marathonisinum
1261 2804 1406 2842 influit.
1467 2804 1625 2855 Pauper
1669 2803 1880 2842 fluminum

221 2860 420 2899 orientalis
441 2861 703 2912 Peloponnesi
735 2875 826 2913 pars
852 2868 921 2908 est,
954 2863 993 2900 in
1017 2875 1093 2914 qua
1117 2861 1312 2900 Inachus
1345 2861 1450 2900 solus
1473 2861 1578 2912 apud
1601 2861 1729 2912 Argos
1751 2860 1881 2899 fluens

222 2919 587 2957 commemoratione
619 2918 760 2970 dignus
791 2926 858 2958 est.
