1987 3230
816 131 1034 163 introductio.
1688 128 1753 162 XV

205 247 431 286 Insularum
453 246 597 285 fluvios
620 246 725 285 brevi
748 260 861 285 cursu
883 261 967 285 esse
997 260 1047 284 ex
1078 260 1203 284 rerum
1237 253 1375 283 natura
1408 246 1490 296 ipsa
1513 245 1755 296 intelligitur.

90 305 208 344 Multi
245 305 359 343 fluvii
401 317 480 342 non
522 304 597 341 nisi
635 304 674 341 in
712 304 826 343 Creta
867 305 1131 349 inveniuntur,
1175 317 1338 355 quorum
1378 303 1532 354 plurimi
1565 310 1752 341 torrentes

89 369 196 409 sunt;
237 362 369 414 aliqua
410 361 683 413 magnitudine
724 362 761 399 hi
796 362 865 400 soli
908 362 1025 401 fluvii
1064 369 1171 400 sunt:
1216 362 1257 398 in
1298 360 1409 399 litore
1451 361 1754 411 septemtrionali

91 421 434 470 Mylopotamus,
475 421 515 457 in
556 418 666 457 litore
707 420 947 458 meridionali
988 420 1337 468 Platypotamos,
1380 418 1753 467 Hyerapotamos‚

90 477 421 523 Anapodharis.
758 498 760 501 ·

205 536 335 574 Lacus
366 536 406 572 in
439 534 605 574 Graecia
637 549 715 572 non
749 535 860 573 multi
892 536 994 586 iique
1024 535 1135 585 parvi
1167 541 1277 572 sunt:
1317 534 1357 571 in
1390 534 1511 584 Epiro
1544 533 1753 572 Butrinto

88 599 127 632 et
158 593 266 632 Risa
296 593 415 637 lacus,
448 593 556 631 lacus
589 590 836 631 Acherusia
870 607 937 631 seu
968 592 1250 640 Janissaeus‚
1282 591 1462 641 Logaru
1493 591 1613 635 lacus,
1647 591 1753 642 apud

90 651 218 690 sinum
235 651 493 689 Ambracium
517 651 632 696 situs;
666 651 706 688 in
727 651 935 689 Thessalia
958 651 1148 688 Nazeros
1171 649 1279 687 lacus
1308 650 1345 686 in
1371 649 1564 687 radicibus
1588 649 1753 700 Olympi

90 709 196 755 situs,
227 709 336 747 lacus
353 708 524 747 eiusdem
546 708 711 746 nominis
734 709 772 746 in
794 708 942 760 Othrys
963 714 1095 746 monte
1117 708 1224 752 situs,
1260 707 1397 745 Karla
1419 707 1527 745 lacus
1550 720 1573 744 a
1595 706 1754 745 Larissa

90 766 284 805 meridiem
317 780 450 805 versus
483 767 599 811 situs;
632 767 669 804 in
704 767 949 805 Acarnania:
984 764 1229 805 Vulcharia
1260 764 1296 810 l.‚
1329 765 1437 802 lacus
1470 764 1576 815 apud
1601 763 1754 811 Ampe-

88 823 244 863 lakion
262 825 368 870 situs,
389 823 634 862 Ambrakia
650 823 770 869 lacus,
788 837 955 875 quocum
969 823 1170 874 angustiis,
1189 822 1330 874 quibus
1347 836 1446 873 pons
1464 823 1668 873 impositus
1685 828 1754 868 est,

90 881 247 922 Rivios
280 882 389 920 lacus
421 882 678 932 coniungitur,
715 880 879 920 Ozeros
911 881 947 927 1.,
980 881 1088 919 lacus
1121 881 1225 931 apud
1258 879 1616 929 AngeMcastron
1648 880 1754 926 situs,

89 938 313 990 Agrinion
336 941 416 978 sive
438 938 672 977 Trichonis
694 939 821 985 lacus;
854 940 893 977 in
918 939 1095 977 Boeotia:
1130 937 1292 985 Copais
1325 940 1404 976 sive
1427 937 1611 984 Topolia
1633 937 1753 984 incus,

90 997 257 1046 Lykeri
292 999 373 1036 sive
395 996 562 1046 Hylike
584 997 620 1043 l.‚
654 996 772 1035 Para
792 997 874 1035 sive
896 996 1067 1035 Harma
1098 996 1143 1042 l.;
1175 997 1214 1034 in
1237 996 1499 1047 Peloponnesi
1522 995 1756 1034 occidentali

88 1061 214 1107 parte:
247 1055 356 1094 lacus
388 1055 493 1107 apud
525 1054 752 1101 Kunupeli
784 1055 889 1100 situs,
921 1054 1155 1094 Lechaena
1177 1061 1215 1092 et
1237 1053 1387 1092 Kofiki
1407 1053 1431 1092 l.
1464 1054 1502 1091 in
1534 1053 1648 1092 Elide
1682 1054 1755 1099 siti,

90 1113 237 1152 Muria
266 1120 304 1151 et
335 1111 598 1162 Agulinitza
638 1111 745 1151 lacus
782 1113 822 1150 in
855 1113 1055 1151 Messenia
1087 1112 1167 1157 siti;
1212 1112 1380 1163 denique
1423 1111 1530 1149 lacus
1574 1111 1756 1150 nonnulli

89 1171 217 1209 media
246 1171 286 1208 in
317 1170 472 1209 Achaia
512 1169 618 1221 apud
650 1170 808 1210 Sudena
846 1171 917 1214 siti,
959 1169 1135 1208 Phonia
1166 1169 1190 1208 1.
1229 1171 1269 1207 111
1301 1170 1474 1208 Aroania
1515 1169 1616 1207 valle
1649 1170 1754 1212 situs,

87 1227 196 1267 lacus
229 1227 586 1277 Stymphalicusg
628 1228 810 1266 nonnulli
852 1230 961 1280 parvi
1004 1227 1113 1266 lacus
1145 1228 1260 1266 etiam
1292 1228 1330 1265 in
1363 1228 1532 1278 Corcyra
1571 1233 1609 1265 et
1640 1227 1756 1266 Creta

89 1286 228 1324 insulis
261 1287 322 1324 siti
355 1294 457 1325 sunt.

204 1344 312 1383 Loca
343 1344 510 1383 demissa
541 1351 656 1396 atque
687 1344 886 1396 palustria,
919 1358 1019 1396 quae
1052 1343 1255 1382 nonnullis
1280 1344 1317 1381 in
1340 1342 1564 1393 regionibus
1597 1342 1755 1380 lacuum

90 1415 250 1441 munere
281 1402 513 1453 funguntur,
546 1403 732 1454 imprimis
760 1403 798 1440 in
832 1402 1008 1441 litoribus
1042 1402 1306 1444 inveniuntur,
1340 1408 1383 1439 ut
1414 1403 1478 1451 (ne
1510 1401 1659 1438 minora
1690 1400 1756 1438 ad-

89 1459 246 1509 feram):
280 1460 321 1498 in
344 1460 586 1498 meridionali
612 1468 721 1511 parte
741 1461 852 1512 Epiri
884 1467 922 1499 et
945 1459 1131 1506 Aetoliae,
1165 1461 1203 1497 in
1228 1459 1433 1498 Thessalia
1464 1459 1503 1496 in
1525 1472 1588 1497 ore
1611 1458 1755 1502 Penei;

89 1517 230 1556 deinde
261 1518 626 1556 commemoratione
668 1519 788 1570 digna
828 1525 940 1556 sunt:
989 1517 1100 1569 palus
1142 1517 1247 1569 apud
1282 1516 1500 1555 Karacair
1530 1530 1649 1567 prope
1681 1516 1756 1554 La-

88 1575 224 1614 rissam
265 1576 348 1622 sita,
390 1575 477 1614 loca
516 1576 686 1615 demissa
728 1576 833 1628 apud
872 1577 999 1614 sinum
1032 1576 1275 1626 Pagasaeum
1316 1576 1399 1620 sita,
1442 1574 1607 1626 Topolia
1648 1574 1756 1612 lacus

90 1633 264 1684 paludes,
296 1633 384 1672 loca
415 1634 583 1672 demissa
612 1635 655 1672 in
685 1634 865 1673 litoribus
897 1635 1063 1677 Atticae,
1096 1633 1307 1684 Argouda,
1340 1633 1477 1676 Elidis,
1511 1633 1551 1670 in
1584 1645 1646 1670 ore
1678 1631 1756 1669 Eu-

88 1697 194 1730 rotae
225 1691 331 1743 apud
362 1692 489 1731 Helos
521 1693 605 1731 sita.

611 1816 680 1864 IV.
712 1816 776 1864 De
809 1817 937 1864 humi
969 1818 1232 1865 structura.

207 1910 455 1949 Continentis
500 1911 639 1951 Graeci
682 1919 799 1963 atque
846 1911 1061 1949 insularum
1107 1912 1362 1949 finitimarum
1406 1911 1547 1948 humus
1586 1911 1757 1948 maxima

88 1968 246 2019 quidem
277 1983 326 2007 ex
357 1976 466 2020 parte
497 1983 518 2007 e
549 1971 654 2008 saxis
686 1970 965 2008 sedimentariis
1004 1970 1171 2008 formata
1202 1976 1276 2013 est;
1320 1968 1501 2007 vulcania
1544 1981 1639 2006 saxa
1670 1981 1755 2006 raro

89 2026 356 2065 inveniuntur.
418 2027 615 2078 Imprimis
654 2028 796 2065 humus
837 2041 857 2065 e
898 2028 1002 2065 saxis
1045 2027 1217 2065 calcariis
1254 2032 1453 2064 exstructa
1490 2033 1564 2072 est3
1607 2032 1758 2077 praeter

88 2096 134 2122 ea
164 2097 319 2135 quoque
350 2085 492 2131 schisti,
536 2099 701 2136 margae,
742 2098 838 2123 saxa
869 2085 1055 2130 arenaria,
1100 2098 1196 2122 saxa
1227 2084 1518 2134 conglomerata
1548 2083 1754 2122 nonnullis

88 2141 129 2179 in
169 2142 393 2192 regionibus
439 2142 544 2180 haud
583 2156 669 2181 raro
710 2143 974 2182 inveniuntur.
1036 2142 1156 2181 Cuius
1203 2142 1341 2180 aetatis
1384 2142 1478 2180 haec
1521 2154 1617 2179 saxa
1664 2141 1753 2187 sint,

89 2199 322 2238 difficillime
365 2200 518 2238 decerni
559 2207 687 2252 potest
728 2215 854 2252 neque
895 2200 1014 2252 plane
1055 2206 1220 2238 constat.
1283 2199 1455 2239 Schistos
1495 2198 1752 2250 crystallinos,

89 2270 178 2295 cum
210 2258 372 2296 omnino
403 2259 678 2297 vetustissimis
711 2259 816 2297 saxis
848 2259 1165 2304 adnumerentur,
1207 2258 1246 2295 in
1281 2257 1448 2296 Graecia
1485 2257 1639 2307 quidem
1672 2256 1756 2307 plu-

90 2315 175 2352 rimi
208 2315 279 2353 viri
310 2315 411 2353 docti
442 2330 491 2354 ex
520 2316 818 2355 formationibus
850 2315 1128 2355 recentioribus
1163 2315 1458 2353 transformatos
1491 2328 1573 2352 esse
1594 2320 1754 2365 putant;

91 2372 158 2410 sed
190 2373 409 2424 nuperrime
445 2374 484 2411 in
524 2375 627 2413 saxis
658 2374 842 2421 calcariis,
882 2388 981 2425 quae
1013 2374 1139 2412 adhuc
1171 2373 1340 2411 tertiaria
1380 2386 1464 2410 esse
1502 2372 1754 2422 putabantur,

90 2430 241 2468 fossilia
285 2430 532 2469 formationis
579 2432 774 2470 triassicae
819 2433 981 2470 inventa
1028 2437 1139 2475 sunt,
1187 2430 1292 2468 unde
1339 2444 1443 2468 nunc
1490 2429 1753 2480 palaeozoicas

91 2501 245 2539 quoque
277 2488 528 2528 formationes
561 2490 791 2528 statuendas
823 2490 895 2528 viri
927 2489 1027 2528 docti
1060 2495 1211 2540 putant.

206 2554 244 2602 a)
276 2553 565 2603 Antiquissima
597 2553 785 2592 Graeciae
818 2566 915 2591 saxa
946 2551 1103 2591 schisti
1135 2550 1389 2600 crystallini
1422 2549 1664 2598 Cycladum
1698 2550 1754 2587 in-

92 2608 263 2647 sularum
295 2615 397 2654 sunt,
429 2611 494 2661 qui
526 2610 684 2662 Epidot,
728 2610 990 2662 Glaucophon
1022 2617 1138 2661 atque
1170 2610 1319 2652 inicam,
1362 2608 1507 2647 talcum
1539 2608 1752 2646 continent.

92 2666 337 2715 Quibuscum
370 2668 476 2705 saxis
508 2668 674 2707 invicem
708 2682 898 2707 marmora
921 2669 1186 2707 inveniuntur.
1235 2667 1283 2705 In
1307 2666 1423 2705 Creta
1444 2679 1599 2717 quoque
1622 2665 1753 2703 schisti

92 2730 130 2763 et
160 2723 285 2762 calces
317 2725 532 2775 crystallini
565 2733 669 2764 sunt.

207 2787 248 2839 b)
280 2787 437 2837 Quibus
476 2789 694 2840 Cycladum
739 2790 843 2827 saxis
880 2789 1110 2827 recentiores
1150 2786 1307 2827 schisti
1345 2787 1580 2826 continentis
1614 2786 1751 2825 Graeci

94 2851 195 2891 sunt,
228 2845 266 2882 in
299 2846 442 2896 quibus
473 2847 660 2898 imprimis
692 2847 825 2885 schisti
857 2846 1016 2898 argillas
1046 2853 1084 2884 et
1115 2846 1235 2884 micas
1262 2845 1515 2889 continentes,
1549 2857 1645 2882 saxa
1676 2843 1752 2880 sili-

92 2909 188 2950 cata,
230 2903 358 2941 minus
397 2916 511 2955 saepe
553 2904 683 2942 schisti
723 2904 884 2943 eloritici
926 2912 963 2942 et
1003 2903 1125 2942 albidi
1165 2903 1299 2941 schisti
1337 2903 1456 2940 micas
1494 2902 1750 2941 continentes
