1987 3230
240 142 329 176 XVI
961 145 1179 176 Introductio.

239 259 319 297 His
366 272 520 310 quoque
558 259 711 297 schistis
753 272 943 296 marmora
986 265 1024 297 et
1060 259 1195 297 albida
1239 265 1277 297 et
1317 260 1547 310 nigricantia
1594 261 1758 299 instrata
1803 268 1904 301 sunt.

240 316 407 356 Talibus
439 330 488 354 ex
521 317 674 354 schistis
707 323 745 354 et
785 316 1040 354 marmoribus
1081 324 1232 356 montes
1270 317 1371 356 circa
1404 318 1583 356 Athenas
1615 319 1676 356 siti
1706 320 1908 370 compositi

243 381 335 412 sunt
370 381 414 412 ut
440 374 658 425 Hymettus
690 380 729 412 et
749 374 990 419 Pentelicon,
1023 374 1164 412 deinde
1194 375 1457 414 meridionalis
1479 376 1634 414 Atticae
1665 383 1703 414 et
1723 376 1908 415 Euboeae

243 439 388 483 partes,
432 432 607 482 regiones
645 431 748 482 apud
788 432 914 469 sinum
946 431 1189 483 Pagasaeum
1224 433 1328 471 sitae.
1389 433 1439 471 In
1470 433 1744 485 Peloponneso
1775 434 1909 473 schisti

243 489 403 540 argillas
446 497 483 527 et
522 490 642 527 micas
683 490 928 527 continentes
975 496 1012 527 et
1052 503 1149 527 saxa
1188 490 1341 529 silicata.
1381 492 1635 529 inveniuntur
1672 492 1712 529 in
1755 491 1908 531 Chelmi

247 548 392 585 montis
424 554 534 597 parte
566 548 860 598 septemtriones
884 560 1017 585 versus
1040 546 1200 594 decliva,
1233 548 1274 586 in
1296 548 1488 587 Arcadiae
1519 555 1627 600 parte
1658 548 1908 595 meridionali,

242 606 282 643 in
313 605 470 643 Parnon
505 612 647 650 monte,
680 606 720 642 in
753 604 944 643 ambobus
966 605 1131 656 Taygeti
1164 605 1360 652 lateribus,
1393 620 1470 657 quo
1501 606 1586 645 loco
1619 620 1809 645 marmora
1829 613 1910 645 tam

242 662 367 700 multa
398 668 499 705 sunt,
542 669 586 700 ut
617 663 756 701 Maina
796 662 1007 713 peninsula
1037 670 1117 701 tota
1148 663 1228 701 fere
1258 677 1306 702 ex
1338 664 1596 703 marmoribus
1627 664 1909 715 nigricantibus

243 726 440 758 exstructa
472 720 530 758 sit.

359 779 393 827 c)
424 777 463 815 A
496 777 639 828 quibus
681 777 844 824 schistis,
885 776 1043 816 schisti
1075 779 1140 829 qui
1170 779 1211 816 in
1240 777 1456 827 Argolide
1489 779 1740 818 inveniuntur
1771 779 1907 818 distin-

243 835 387 887 guendi
420 843 521 881 sunt,
564 849 613 873 ex
651 835 794 886 quibus
832 849 921 873 cum
954 836 1058 874 saxis
1096 836 1278 875 arenariis
1309 842 1348 875 et
1377 837 1663 888 petrosilicibus
1695 838 1909 889 squamosis

244 893 463 944 conjunctIs
495 893 696 931 inferiores
721 892 1020 932 Arachnaeonis
1052 894 1193 932 montis
1225 900 1354 945 partes
1386 895 1426 932 in
1459 895 1655 933 meridiem
1687 901 1908 947 spectantes

244 959 282 989 et
325 951 474 989 Aderes
516 964 631 989 mons
677 952 913 1002 compositus
954 957 1028 997 est;
1075 958 1272 1003 praeterea
1316 953 1358 990 in
1400 952 1623 1003 regionibus
1664 953 1714 992 ab
1754 953 1907 991 Isthmo

245 1009 537 1060 septemtriones
569 1023 703 1047 versus
736 1009 817 1046 sitis
848 1009 1115 1048 inveniuntur.

362 1067 403 1117 d)
438 1065 643 1106 Calcaria
675 1077 802 1114 saxa,
844 1080 943 1118 quae
984 1067 1022 1104 in
1064 1067 1267 1106 montibus
1299 1068 1460 1107 Graecis
1498 1068 1762 1114 inveniuntur,
1804 1080 1911 1119 prae-

246 1126 358 1176 cipue
390 1125 612 1162 formationi
634 1125 842 1163 cretacicae
874 1124 1169 1163 adnumeranda
1202 1132 1304 1164 sunt.
1357 1126 1477 1164 Cuius
1509 1126 1750 1164 formationis
1772 1125 1912 1164 funda-

247 1183 387 1220 mentis
419 1195 516 1220 saxa
547 1182 712 1220 calcaria
743 1183 897 1234 propria
929 1189 1031 1229 sunt,
1069 1196 1168 1234 quae
1199 1197 1267 1234 per
1297 1182 1524 1234 Argolidem
1557 1182 1911 1234 septemtrionalem

247 1241 453 1291 pertinent.
517 1240 581 1278 Ex
614 1240 720 1278 saxis
755 1240 931 1278 calcariis
969 1240 1193 1279 formationi
1234 1242 1440 1279 cretacicae
1477 1240 1780 1279 adnumerandis
1812 1240 1913 1280 Oeta

248 1312 372 1344 mons,
419 1298 553 1336 Kiona
591 1312 652 1343 nr,
700 1298 919 1336 Parnassus
957 1312 1020 1345 m.,
1069 1304 1221 1337 montes
1263 1300 1363 1337 circa
1403 1298 1616 1349 Copaidem
1662 1298 1790 1337 lacum
1837 1298 1909 1345 siti,

247 1356 481 1407 Kythaeron
515 1369 579 1402 m.,
620 1356 780 1394 Pateras
822 1362 860 1394 et
891 1356 1038 1394 Parnes
1070 1370 1130 1402 m.‚
1173 1356 1322 1395 mediae
1353 1356 1538 1395 Euboeae
1577 1370 1677 1407 pam,
1719 1356 1913 1396 Geraniae

248 1427 338 1465 pars
376 1414 559 1451 orientem
602 1427 736 1452 versus
779 1414 861 1460 sita,
906 1414 1108 1465 Argolidis
1149 1428 1239 1466 pars
1270 1415 1372 1453 inter
1402 1415 1663 1453 Arachnaeon
1694 1421 1732 1452 et
1762 1414 1914 1452 Aderes

249 1478 402 1510 montes
449 1472 522 1510 sita
563 1479 862 1523 componuntur.
923 1472 972 1510 In
1013 1472 1215 1510 nonnullis
1248 1471 1434 1511 Graeciae
1473 1472 1649 1523 partibus
1690 1471 1816 1511 calces
1859 1471 1915 1509 in-

251 1530 470 1575 veniuntur,
512 1529 655 1580 quibus
686 1530 875 1568 Rudistae
906 1536 944 1568 et
974 1529 1242 1569 Numulitides
1278 1530 1452 1569 inclusae
1484 1536 1586 1576 sunt,
1628 1543 1728 1581 quae
1765 1528 1916 1568 fossilia

250 1588 290 1625 in
322 1588 432 1626 terris
464 1587 564 1625 circa
585 1601 690 1626 mare
712 1587 1036 1626 mediterraneum
1060 1589 1142 1626 sitis
1169 1588 1389 1627 formationi
1411 1588 1617 1627 cretacicae
1648 1594 1686 1626 et
1715 1586 1915 1627 vetustiori

250 1645 494 1684 formationis
538 1645 729 1684 tertiariae
775 1647 891 1684 aetati
932 1647 1087 1697 propria
1127 1652 1230 1685 sunt.
1291 1646 1455 1684 Talibus
1495 1659 1545 1684 ex
1592 1646 1696 1683 saxis
1742 1644 1916 1684 calcariis

251 1703 402 1741 insulae
439 1703 604 1742 Jonicae
644 1710 760 1754 atque
799 1704 1048 1742 Acarnaniae
1089 1710 1127 1741 et
1163 1703 1343 1743 Aetoliae
1382 1709 1535 1742 montes
1573 1703 1775 1754 compositi
1814 1711 1915 1748 sunt,

252 1761 292 1798 in
324 1760 616 1812 Peleponneso:
661 1761 844 1800 Chelmos
876 1775 937 1807 m.,
970 1761 1146 1812 Kyllene
1179 1776 1237 1808 m.,
1271 1761 1476 1800 Maenalos
1509 1775 1557 1799 m.
1590 1761 1696 1812 apud
1726 1759 1916 1812 Tripolim

252 1819 359 1865 situs,
401 1825 547 1857 tractus
588 1820 781 1857 montium
824 1819 952 1857 media
979 1820 1022 1857 in
1054 1820 1229 1858 Arcadia
1260 1820 1376 1866 situs,
1419 1819 1614 1870 Taygetos
1647 1832 1708 1865 1n.,
1748 1819 1918 1856 maxima

250 1877 449 1915 Laconiae
480 1877 677 1915 orientalis
707 1890 806 1928 pars.

368 1937 403 1985 e)
434 1934 556 1972 Haud
589 1948 674 1973 raro
706 1935 902 1973 invenitur
932 1935 970 1972 in
1006 1935 1174 1974 Graecia
1214 1935 1350 1973 aetatis
1390 1934 1581 1973 tertiariae
1619 1934 1800 1972 formatio
1841 1931 1917 1977 illa,

253 2006 351 2043 quae
391 1993 430 2030 in
470 1992 645 2043 Alpibus
684 1992 927 2041 ,‚Flysch‘⁶‚
976 1993 1017 2030 in
1056 1993 1171 2031 Italia
1212 1991 1485 2042 ‚9Maoigllo“
1531 1999 1647 2043 atque
1687 1990 1918 2039 ,‚·Jasello“

255 2051 503 2096 nominatur;
545 2057 638 2088 sunt
668 2064 764 2088 saxa
795 2064 978 2089 marnosa
1008 2056 1046 2088 et
1076 2051 1261 2095 arenaria,
1299 2050 1441 2101 quibus
1473 2049 1597 2088 calces
1629 2047 1919 2087 nummuliticae

257 2114 374 2158 atque
407 2108 573 2146 calcaria
604 2108 894 2159 conglomerata
925 2108 1191 2147 includuntur.
1244 2108 1365 2147 Cuius
1397 2107 1499 2146 modi
1532 2113 1651 2145 strata
1682 2107 1719 2144 in
1754 2105 1920 2145 Graecia

257 2166 341 2216 ipsa
373 2166 412 2203 in
445 2165 611 2204 Acheloi
654 2174 692 2204 et
723 2166 905 2216 Sperchei
947 2166 1152 2217 superioris
1191 2166 1359 2216 regione,
1400 2166 1439 2202 in
1471 2164 1745 2215 Peloponneso
1776 2164 1815 2201 in
1846 2162 1921 2201 col-

258 2222 363 2261 libus
396 2223 526 2262 Oleno
560 2224 679 2261 monti
712 2224 951 2262 occidentem
985 2237 1119 2262 versus
1150 2223 1389 2274 praepositis,
1422 2223 1460 2260 in
1492 2219 1697 2261 nonnullis
1729 2220 1922 2260 Arcadiae

258 2288 296 2318 et
329 2280 548 2319 Messeniae
579 2281 766 2332 partibus,
807 2281 951 2332 quibus
982 2282 1022 2319 in
1055 2281 1261 2333 provinciis
1291 2281 1438 2319 minore
1469 2280 1696 2318 extensione
1727 2284 1828 2325 sunt,
1866 2278 1921 2315 in·

258 2352 282 2377 V
292 2339 486 2376 eniuntur.

374 2396 404 2443 f)
437 2396 502 2435 Ex
533 2397 639 2435 saxis
671 2397 718 2435 de
756 2397 899 2448 quibus
940 2397 1069 2435 adhuc
1106 2396 1269 2448 egimus,
1312 2396 1481 2435 maxima
1522 2395 1679 2446 quidem
1723 2407 1772 2432 ex
1812 2398 1922 2444 parte

260 2453 447 2492 Graeciae
479 2461 643 2501 montes,
685 2455 911 2506 priusquam
955 2460 1075 2493 strata
1115 2456 1252 2493 aetatis
1293 2454 1485 2492 tertiariae
1516 2453 1736 2505 posterioris
1767 2451 1921 2490 exstite-

258 2518 360 2557 runt,
404 2512 557 2550 formati
589 2519 700 2558 sunt;
742 2513 781 2550 in
816 2526 979 2564 quorum
1012 2512 1200 2550 montium
1234 2525 1350 2563 rugas
1383 2518 1500 2562 atque
1531 2512 1638 2549 sinus
1679 2509 1814 2548 aetatis
1852 2514 1922 2546 ter-

260 2569 395 2607 tiariae
427 2570 589 2608 minoris
622 2583 727 2614 saxa,
770 2584 870 2621 quae
905 2576 973 2608 aut
1009 2580 1220 2608 marnosa
1251 2568 1462 2608 arenaria
1492 2575 1562 2607 aut
1592 2567 1923 2616 conglomerata

260 2633 298 2664 et
339 2626 549 2665 arenaria
591 2635 693 2672 sunt,
736 2635 857 2666 strata
895 2634 997 2666 sunt.
1059 2627 1172 2676 Quae
1212 2640 1308 2666 saxa
1344 2627 1537 2678 imprimis
1578 2627 1617 2663 in
1650 2623 1924 2675 Peleponneso

264 2684 540 2730 inveniuntur;
572 2699 621 2723 ex
652 2686 696 2723 iis
727 2692 856 2736 partes
888 2685 1011 2724 litoris
1041 2685 1230 2724 Corinthii
1260 2691 1299 2723 et
1330 2685 1439 2723 sinus
1460 2684 1612 2723 Patraei
1643 2680 1924 2727 meridionales‚

264 2741 405 2780 deinde
438 2743 610 2780 maxima
632 2742 760 2781 Elidis
789 2756 879 2794 pars
901 2749 1097 2781 exstructa
1125 2748 1199 2789 est;
1232 2748 1429 2793 praeterea
1459 2755 1613 2793 quoque
1644 2740 1682 2777 in
1716 2738 1924 2784 Messenia,

264 2799 307 2837 in
329 2799 513 2845 Laconia,
546 2800 586 2837 in
609 2800 809 2851 Argolidis
841 2814 908 2839 ora
938 2800 1136 2839 meridiem
1159 2813 1292 2839 versus
1314 2801 1389 2838 sita
1410 2799 1674 2839 inveniuntur.
1718 2797 1767 2836 In
1799 2795 1926 2834 media

265 2856 432 2896 Graecia
463 2863 584 2896 strata
615 2859 753 2896 aetatis
785 2858 976 2896 tertiariae
1008 2858 1166 2896 minoris
1197 2857 1363 2896 clivosas
1396 2856 1582 2903 Locridis,
1624 2854 1817 2901 Boeotiae,
1854 2852 1925 2891 At-

263 2915 368 2960 ticae,
401 2914 587 2954 Euboeae
617 2922 745 2966 partes
777 2915 979 2966 obtegunt.
