1987 3230
676 60 798 90 Fontes
823 59 924 90 florae
950 59 1105 90 Graecae.
1442 75 1445 77 ·
1662 57 1732 91 VH

76 173 231 216 Haldcsy
259 173 316 213 E„
343 175 479 215 Beitrag
503 184 563 205 zur
588 174 691 205 Flora
715 184 780 205 von
807 173 1066 212 Griechmland,
1092 174 1125 204 in
1151 176 1212 204 cst.
1238 173 1306 208 bot,
1325 173 1484 205 Zeitschr.
1506 175 1591 205 1897
1611 185 1644 214 p.
1662 176 1737 207 128.

76 240 120 245 --
145 222 208 252 Die
233 221 346 252 bisher
372 221 566 252 bekannten
591 220 922 251 Verbascum-Arten
948 219 1229 258 Griechenlands,
1264 219 1299 249 in
1325 220 1429 252 Verh.
1460 219 1542 252 zool.
1569 220 1635 252 bot.
1662 221 1737 253 Ges.

77 333 120 337 —
146 314 209 344 Die
227 313 343 344 bisher
373 313 566 344 bekannten
597 313 908 344 Centaurea-Arten
927 312 1200 350 Griechenlands,
1227 312 1261 341 in
1280 311 1371 343 Bull.
1397 312 1438 342 de
1455 309 1575 343 l'herb.
1595 313 1740 344 Boissier

76 425 119 429 —
145 406 286 437 Florula
311 405 551 446 Strophadum,
578 405 612 435 in
638 408 699 437 est.
727 405 794 437 bot.
820 405 980 436 Zeitschr.
1009 405 1096 435 1899
1122 415 1156 444 p.
1184 404 1237 436 24.

84 470 121 475 —
146 453 281 492 Beitrag
305 462 366 483 zur
391 452 493 482 Flora
518 451 795 493 Griechenlands,
820 452 854 481 in
881 451 985 482 Verh.
1012 450 1095 482 zool.
1121 450 1189 482 bot.
1216 450 1291 482 Ges.
1321 450 1408 481 1899
1433 461 1466 491 p.
1495 451 1570 484 700.

77 517 120 521 —
146 499 231 529 Eine
256 508 342 530 neue
368 498 574 529 statice-Art
598 498 658 528 der
682 497 911 537 griechischen
938 497 1049 535 Flora,
1076 497 1123 526 im
1149 496 1240 536 Allg.
1266 496 1335 528 bot.
1361 497 1521 531 Zeitschr.
1551 498 1638 528 1899
1656 508 1688 538 p.
1711 499 1739 529 1.

77 563 120 567 ——
145 545 328 585 Aspidium
352 544 614 583 lonchitiforme,
642 544 676 574 in
703 543 804 574 Verh.
834 543 918 575 zool.
944 543 1013 575 bot.
1039 542 1114 575 Ges.
1144 543 1241 574 1904.

77 588 215 632 Hampe
240 589 297 626 E„
324 591 611 631 Correspondenz,
636 591 671 620 in
698 590 801 621 Flora
825 590 943 622 XXV.
969 600 1002 629 p.
1030 590 1070 620 57
1100 587 1230 629 (1842).
1282 609 1285 612 Δ

77 655 119 661 -
145 637 362 668 Nachschrift
396 647 437 667 zu
462 637 538 667 dem
566 637 720 667 Berichte
746 636 830 667 iiber
854 636 909 666 die
936 632 1097 676 Spruner’
1103 635 1203 665 schen
1230 634 1400 674 Pflanzen,
1434 635 1469 665 in
1495 635 1597 666 Flora
1622 636 1739 666 XXV.

76 727 317 761 Haussknecht
345 726 558 769 O.‚Beit1ag
582 738 642 759 zur
661 729 829 759 Kenntnis
855 729 914 758 del
933 728 1037 758 Arten
1057 737 1123 758 von
1143 709 1375 766 Fuma1·ia,in
1394 727 1494 758 Flora
1511 728 1601 758 IVI.
1620 738 1654 768 p.
1674 729 1737 759 401

77 841 120 845 —
145 822 409 862 Mittheilungen
442 822 500 853 des
525 822 592 853 bot.
619 821 699 854 Ver.
734 822 790 851 fiir
815 820 1000 851 Gesammt-
1005 819 1201 859 Thuringen
1228 820 1270 851 V.
1299 830 1333 860 p.
1360 819 1403 851 85
1428 820 1545 860 (1886)
1581 823 1613 850 et
1638 831 1671 860 p.
1698 821 1741 851 60

170 869 298 908 (1887).

79 932 120 937 —
148 914 328 955 Symbolae
353 915 395 945 ad
420 914 536 945 floram
562 923 725 954 gr,aecam
759 913 793 943 in
820 912 933 944 Mitth.
959 912 1017 943 des
1043 912 1206 952 Thiiring.
1240 911 1308 943 bot.
1335 912 1477 943 Vereins
1505 913 1742 944 1893-1899.

79 979 123 984 —
148 961 388 992 Bornmlillera
423 960 609 1001 (Vesicaria
645 958 852 999 tymphaea),
891 959 964 989 eine
1002 968 1087 989 neue
1125 959 1278 998 Gattung
1313 968 1373 989 aus
1410 958 1669 998 Griechenland‚
1707 959 1743 989 in

170 1007 330 1039 Mittheil.
356 1007 446 1039 thiir.
472 1007 540 1040 bot
567 1007 646 1039 Ver,
674 1006 738 1039 XI
763 1016 798 1046 p.
827 1006 867 1036 70
894 1005 1023 1045 (1897).

78 1051 184 1084 Helm
216 1051 267 1090 V,
306 1053 368 1084 Die
394 1053 679 1093 Kulturpflanzen
706 1052 774 1083 und
800 1051 1006 1082 Hausthiere
1032 1051 1067 1081 in
1093 1051 1200 1081 ihrem
1218 1042 1421 1091 Ubergange
1446 1061 1506 1081 aus
1532 1051 1632 1082 Asien
1658 1052 1744 1082 nach

171 1099 433 1137 Griechenland‚
459 1099 576 1130 Berlin
607 1099 704 1130 1870.
731 1115 776 1120 -
801 1098 925 1128 Zweite
951 1097 1213 1137 umgearbeitete
1237 1097 1388 1137 Aufiage,
1415 1097 1532 1127 Berlin
1560 1098 1658 1130 1874.

78 1143 266 1178 Heldreich
310 1143 393 1183 Th„
438 1146 557 1185 Einige
589 1145 848 1184 Bemerkungen
885 1143 969 1174 iiber
999 1143 1204 1184 griechische
1237 1143 1531 1183 Albutus-Arten,
1571 1144 1605 1174 in
1643 1144 1745 1174 Flora

169 1192 313 1222 XXVII
338 1203 371 1232 p.
401 1192 441 1223 13
469 1191 599 1233 (1844).

79 1256 123 1261 --
149 1237 310 1278 Catalogo
343 1238 432 1269 delle
467 1238 583 1278 piante
610 1237 752 1268 raccolte
784 1237 840 1268 nel
866 1236 1097 1277 Peloponneso
1122 1236 1202 1266 nell'
1228 1246 1316 1267 anno
1344 1236 1442 1275 1844,
1476 1237 1510 1266 in
1536 1236 1651 1268 Giorn.
1677 1236 1745 1268 bot.

169 1285 241 1317 ital.
269 1285 369 1317 1846.

79 1349 122 1354 —-
148 1323 240 1362 Uber
264 1331 317 1361 die
352 1340 438 1362 neue
467 1330 659 1361 arcadische
684 1330 799 1360 Tanne
825 1327 942 1369 (Abies
968 1329 1101 1368 reginae
1127 1328 1313 1368 Amaliae),
1347 1329 1382 1359 in
1410 1328 1619 1359 Gartenflora
1647 1329 1745 1360 1860.

78 1395 122 1400 —
148 1377 337 1417 Descriptio
362 1377 550 1417 specierum
575 1386 751 1415 novarum,
784 1376 819 1406 in
845 1375 1030 1416 appendice
1056 1375 1097 1406 ad
1123 1375 1263 1415 catalog.
1290 1385 1370 1406 sem.
1396 1375 1484 1406 horti
1509 1375 1578 1407 bot.
1604 1375 1744 1405 Atheni-

170 1424 258 1454 ensis
287 1424 384 1455 1860.

79 1487 122 1491 -——
149 1470 217 1500 Zur
241 1470 427 1500 Kenntniss
452 1469 513 1500 der
537 1468 766 1510 griechischen
793 1469 944 1507 Tannen,
970 1468 1005 1498 in
1031 1467 1242 1499 Gartenflora
1268 1468 1367 1500 1861.

79 1534 121 1538 -
147 1506 243 1548 Uber
268 1516 426 1547 Pflanzen
451 1516 510 1546 der
534 1515 773 1555 griechischen,
792 1514 1029 1546 insbesondere
1054 1514 1115 1545 der
1139 1513 1303 1545 attischen
1329 1514 1443 1552 Flora,
1475 1514 1509 1544 in
1536 1513 1747 1545 Gartenflora

79 1627 122 1631 —
151 1608 275 1649 Tulipa
300 1608 520 1648 Orphanidea
545 1608 634 1640 Bois.
660 1607 730 1638 und
755 1607 810 1638 die
836 1607 971 1647 Tulpcn
997 1606 1274 1645 Grieehenlands,
1299 1607 1334 1637 in
1361 1606 1568 1638 Gaitenflora
1596 1606 1694 1638 1862.

83 1673 126 1677 --
152 1655 215 1685 Die
242 1654 489 1695 Nutzpflanzen
517 1653 795 1686 GriechenlandS.
844 1654 955 1684 Athen
985 1654 1083 1684 1862.

82 1720 124 1723 —
151 1701 330 1732 Glaucium
357 1700 515 1741 Serpieri,
541 1701 577 1730 in
603 1700 813 1731 Gartenflora
842 1700 928 1731 1873
954 1710 988 1740 p.
1015 1700 1093 1730 323.

83 1766 127 1769 —
153 1747 276 1788 Tulipa
301 1747 438 1787 Hageri,
465 1748 538 1778 eine
563 1757 648 1777 neue
674 1746 860 1786 Tulpenart
884 1746 944 1777 der
967 1746 1195 1785 griechischen
1222 1745 1333 1783 Flora,
1360 1746 1395 1776 in
1421 1745 1629 1776 Gartenfiora
1650 1745 1748 1776 1873.

84 1811 127 1815 —
154 1793 326 1825 Sertulum
353 1793 547 1833 plantarum
574 1803 739 1823 novarum
766 1793 821 1823 vel
846 1793 958 1822 minus
981 1792 1189 1831 cognitarum
1215 1792 1295 1822 flore
1313 1792 1523 1829 Hellenicae,
1549 1792 1583 1822 in
1608 1792 1668 1822 atti
1694 1791 1749 1822 del

174 1849 348 1879 congresso
382 1839 647 1870 internazionale
673 1839 829 1869 botanico
863 1839 898 1868 in
925 1838 1065 1869 Firenze
1100 1841 1216 1868 tenuto
1241 1838 1297 1868 nel
1322 1848 1410 1869 mese
1441 1839 1476 1868 di
1501 1838 1633 1878 Maggio
1661 1838 1747 1868 1874

173 1884 301 1926 (1876).

83 1950 126 1954 -
153 1932 323 1972 Asperula
349 1931 526 1970 Baenstzii,
553 1931 586 1961 in
613 1931 717 1963 Verh.
743 1931 810 1963 bot.
836 1931 916 1963 Ver.
942 1931 1133 1962 Brandenb.
1163 1931 1249 1962 1876
1275 1941 1308 1971 p.
1338 1931 1413 1961 131.

84 1996 126 2001 -
155 1978 576 2018 Pflanzengeographische
602 1978 745 2008 Notizen
771 1977 854 2008 iiber
879 1977 951 2007 drei
977 1987 1062 2008 neue
1087 1978 1195 2007 Arten
1220 1977 1280 2007 der
1304 1976 1546 2017 europssiischen
1572 1976 1682 2015 Flora,
1713 1976 1748 2006 in

173 2028 233 2055 (ist.
263 2025 330 2056 bot.
356 2024 515 2057 Zeitschr.
546 2025 632 2055 1877
659 2035 692 2064 p.
722 2024 797 2055 156.

85 2089 127 2093 —
153 2071 216 2101 Die
250 2071 407 2101 Pflanzen
446 2071 505 2101 der
536 2070 698 2101 attischen
735 2070 867 2109 Ebene,
904 2069 940 2099 in
974 2069 1161 2100 Mommsen
1195 2069 1409 2101 Griechische
1441 2069 1671 2100 Jahreszeiten
1705 2069 1747 2099 V.

175 2117 358 2156 Schleswig
386 2118 484 2148 1877.

84 2182 127 2186 —
154 2163 334 2203 Catalogus
359 2163 594 2203 systematicus
618 2162 765 2193 herbarii
791 2161 851 2192 Th.
880 2161 1099 2201 inhanidis.
1148 2161 1350 2205 Florentiae,
1381 2162 1478 2193 1877.

84 2228 127 2232 —-
153 2210 241 2240 Zwei
266 2219 351 2240 neue
379 2209 633 2239 Pflanzenarten
659 2209 718 2239 der
741 2208 916 2253 jonischen
943 2208 1067 2247 Inseln,
1093 2208 1127 2238 in
1153 2200 1224 2240 Ost.
1251 2208 1318 2240 bot.
1345 2208 1506 2240 Zeitschr.
1536 2208 1621 2239 1878
1640 2218 1674 2248 p.
1694 2207 1747 2238 50.

84 2275 127 2278 —
153 2248 245 2286 Uber
271 2255 384 2286 Silene
409 2256 537 2295 Ungeri
562 2255 678 2294 Fenzl,
704 2256 737 2285 in
765 2248 836 2286 Ost.
862 2254 929 2286 bot.
955 2254 1116 2286 Zeitschr.
1146 2255 1232 2285 1878
1259 2265 1293 2295 p.
1320 2255 1374 2286 27.

84 2320 128 2326 —
153 2295 245 2333 Uber
270 2302 323 2332 die
348 2301 531 2333 Liliaceen-
521 2301 687 2342 -Gattung
711 2301 908 2341 Leopoldia
959 2300 1100 2331 Moskau
1129 2301 1228 2333 1878.

87 2367 125 2371 —
153 2349 307 2387 Beitifige
340 2358 399 2378 zur
424 2348 611 2378 Kenntniss
635 2348 693 2378 des
718 2347 942 2378 Vaterlandes
967 2347 1027 2377 dei
1052 2347 1308 2385 Rosskastanie‚
1343 2347 1399 2377 des
1425 2346 1654 2377 Nussbaumes
1678 2345 1748 2375 und

176 2395 236 2425 der
261 2394 386 2432 Buche,
413 2394 446 2424 in
474 2394 541 2427 bot.
567 2395 646 2426 Ver.
673 2395 773 2424 Prov.
801 2394 1048 2433 Brandenburg
1074 2393 1175 2425 XXI.
1202 2391 1332 2432 (1879).

85 2459 128 2462 —
153 2441 237 2471 Eine
262 2440 587 2471 insektenfressende
604 2440 739 2471 Pflanze
765 2440 824 2470 der
847 2439 1076 2479 griechischen
1095 2439 1207 2478 Flora,
1233 2439 1268 2469 in
1287 2432 1358 2471 Ost.
1383 2439 1450 2471 bot.
1472 2438 1632 2470 Zeitschr.
1661 2438 1747 2468 1879

176 2497 210 2526 p.
236 2487 313 2518 295.

87 2551 128 2555 --
154 2533 334 2563 Teucriam
361 2532 612 2573 Halacsyanum
639 2543 672 2564 ιι.
698 2543 760 2573 sp„
786 2533 820 2562 in
848 2525 919 2564 Os.t
946 2531 1011 2562 bot.
1040 2532 1200 2565 Zeitschr.
1230 2532 1317 2563 1879
1343 2542 1374 2571 p.
1403 2531 1479 2563 241.

86 2597 129 2602 —
155 2579 292 2618 Beitrag
317 2589 376 2609 zur
402 2579 503 2609 Flora
528 2589 595 2609 von
622 2579 756 2619 EpiruS,
783 2578 818 2608 in
845 2579 919 2610 Bot.
947 2579 1027 2610 Ver.
1054 2578 1298 2618 Brandenburg
1326 2578 1413 2608 1879
1439 2587 1471 2617 p.
1499 2578 1553 2608 61.

87 2643 130 2647 —
155 2625 230 2656 Una
255 2625 374 2665 planta
397 2625 599 2656 inscctivora
624 2635 666 2655 en
692 2624 821 2663 Grecia,
857 2625 890 2654 in
917 2625 1049 2655 cronica
1075 2624 1238 2655 cientifica
1263 2634 1326 2664 por
1351 2624 1425 2654 Raf.
1453 2623 1538 2663 Roig
1572 2633 1592 2662 y
1619 2622 1748 2660 Torres,

180 2671 365 2702 Barcelona
392 2672 489 2702 1879.

88 2735 131 2739 -
156 2716 338 2757 L’Attique
362 2727 404 2747 au
430 2717 527 2757 point
551 2716 593 2747 de
618 2727 684 2748 vue
718 2717 776 2747 des
801 2719 984 2747 caracteres
1018 2717 1059 2746 de
1085 2726 1120 2747 sa
1146 2715 1348 2757 vegetation,
1383 2716 1417 2745 in
1443 2715 1563 2755 Congr.
1590 2714 1748 2745 internat.

181 2763 221 2793 de
246 2763 314 2794 bot.
340 2768 372 2793 et
398 2763 570 2793 horticult.
598 2763 693 2793 Paris
721 2763 819 2795 1888.

89 2829 132 2832 —
159 2809 298 2848 Stachys
323 2809 609 2849 Spreitzenhoferi
634 2819 668 2841 n.
693 2819 754 2849 sp„
782 2810 816 2839 in
842 2802 913 2840 Ost.
938 2809 1006 2840 bot.
1033 2807 1192 2839 Zeitschr.
1221 2808 1308 2839 1880
1334 2818 1368 2848 p.
1395 2807 1472 2838 344.

89 2873 132 2878 ——
159 2855 347 2893 Musinitza,
373 2856 446 2885 eine
464 2855 574 2895 Idylle
600 2865 677 2885 vom
696 2855 822 2894 Korax,
850 2856 882 2885 in
903 2855 948 2886 M.
968 2854 1105 2885 Deffner
1124 2854 1250 2885 Archiv
1275 2855 1330 2884 fiir
1355 2853 1479 2884 mittel-
1506 2863 1538 2884 u.
1557 2850 1748 2891 neugriech.

182 2901 377 2939 Philologie,
403 2901 515 2931 Athen
545 2902 643 2932 1880.
