1987 3230
231 148 264 182 II
974 151 1150 183 Praefatio.

230 265 272 302 in
302 265 402 303 flora
433 265 614 316 regionis,
658 265 687 302 si
719 279 805 303 011111
839 265 924 302 aliis
956 266 1247 316 comparaveris,
1291 272 1367 303 tam
1399 279 1543 316 parvae
1574 266 1775 304 tractanda
1807 280 1885 305 non

232 331 312 360 tam
345 322 509 360 multum
542 322 700 360 differre
732 323 823 360 mihi
856 322 1017 365 videtur,
1050 337 1166 373 quam
1198 323 1384 361 rationein
1411 323 1593 373 sequaris,
1625 336 1712 361 cum
1734 331 1888 374 propter

232 379 395 418 lacunas
438 388 476 418 et
516 380 658 417 multas
699 386 735 418 et
776 393 937 430 magnas
979 379 1168 418 naturalis
1206 380 1444 431 singulorum
1484 380 1662 418 ordinum
1699 381 1888 419 affinibus

231 438 393 476 omnino
424 451 504 476 non
536 437 699 487 intelligi
731 438 862 488 possit.

350 495 469 544 Quod
502 495 551 533 ad
584 495 731 545 species
762 495 939 546 pertinet,
974 496 1013 532 in
1045 495 1270 533 universum
1303 509 1419 546 opera
1450 495 1496 533 dc
1528 494 1636 533 floris
1667 495 1889 541 recentiora,

236 553 422 604 imprimis
454 553 703 590 Boissierium
736 559 890 590 secutus
923 566 1020 598 sum,
1061 566 1297 603 quamquam
1329 553 1434 590 haud
1465 566 1551 590 raro
1583 552 1756 599 discessi;
1797 566 1890 591 nam

234 610 425 660 imprimis
456 610 672 648 nonnullae
694 611 839 661 species
861 624 883 648 a
906 610 1082 648 Boissero
1104 611 1190 660 ipso
1216 611 1415 648 institutae
1444 610 1509 648 sed
1533 616 1665 661 postea
1686 617 1891 661 exemptae

233 667 493 705 restituendae
531 681 614 705 esse
646 668 736 705 mihi
767 668 1009 713 videbantur,
1042 681 1129 706 cum
1162 667 1239 705 alia
1269 681 1317 705 ex
1349 674 1457 718 parte
1489 667 1701 706 nonnullas
1733 668 1890 719 species,

233 738 335 775 quae
367 725 406 762 in
439 724 563 770 „flora
594 725 815 763 orientalis“
856 726 1117 771 inveniuntur,
1159 725 1388 763 eximendas
1425 724 1516 762 mihi
1548 739 1630 763 esse
1661 725 1889 776 putaverim.

235 782 345 828 Cum,
388 782 516 833 qualis
549 783 694 833 species
726 782 952 821 definienda
983 784 1042 829 sit,
1083 783 1236 821 decerni
1275 795 1353 820 non
1392 782 1525 832 possit,
1566 782 1605 819 in
1644 782 1759 821 rebus
1789 783 1891 821 anci-

234 840 381 891 pitibus
413 840 497 878 fieri
530 854 610 878 non
641 854 753 891 posse
783 841 877 878 mihi
910 840 1071 887 videtur,
1104 841 1200 892 quin
1229 841 1303 878 mei
1334 841 1455 891 ipsius
1487 840 1710 890 opinionem
1742 853 1891 891 sequar.

350 897 467 946 Quod
498 897 547 936 ad
579 899 738 936 nomina
766 898 939 936 indenda
960 898 1136 949 pertinet,
1169 898 1375 949 prioritatis
1398 898 1596 943 rationem,
1630 911 1745 948 quam
1768 898 1891 936 solam

234 962 376 993 rectam
409 969 492 993 esse
524 963 628 1006 puto,
671 962 826 994 secutus
863 970 960 1001 sum,
1001 955 1189 1006 neglectis
1231 956 1430 994 sententiis
1471 955 1638 993 virorum
1680 955 1891 1001 doctorum,

236 1013 302 1063 qui
334 1013 494 1050 nomina
525 1013 715 1064 quaedam
747 1013 921 1051 obsoleta
951 1027 1034 1051 esse
1055 1020 1300 1064 putaverunt,
1333 1027 1418 1051 011111
1439 1014 1534 1051 hacc
1555 1013 1650 1050 ratio
1671 1019 1894 1051 constanter

236 1070 414 1108 adhibita
444 1084 525 1108 non
553 1070 678 1109 solum
700 1070 885 1115 difficilis,
917 1071 985 1109 sed
1007 1071 1122 1109 etiam
1151 1071 1296 1109 iniusta
1320 1084 1404 1109 csse
1430 1079 1546 1121 atque
1567 1070 1658 1107 fidei
1690 1070 1893 1109 historicae

236 1141 453 1179 repugnare
485 1128 577 1165 mihi
608 1129 793 1167 videatur.
845 1128 1019 1167 Nomina
1040 1128 1222 1179 duplicia,
1254 1142 1342 1167 cum
1373 1134 1533 1166 naturae
1565 1141 1672 1165 meae
1702 1128 1892 1175 resistant,

236 1199 315 1223 11011
338 1185 508 1232 adhibui,
539 1199 776 1237 quamquam
798 1200 849 1224 ea·
865 1187 1021 1225 0111111110
1045 1186 1217 1225 adhiberi
1244 1200 1322 1223 non
1354 1186 1467 1224 licere
1489 1198 1567 1222 non
1591 1185 1892 1224 adfirmaverim.

351 1243 508 1281 Deinde
550 1243 643 1281 mihi
684 1244 789 1281 haud
833 1244 1003 1282 alienum
1050 1257 1072 1281 a
1118 1258 1157 1281 re
1202 1244 1329 1282 visum
1369 1249 1436 1289 est,
1482 1250 1688 1294 postquam
1735 1244 1895 1281 nomina

238 1307 437 1339 auctorum
471 1301 695 1348 citavissim‚
728 1315 845 1352 opera
875 1315 1028 1352 quoque
1060 1301 1229 1347 laudare,
1262 1302 1301 1339 in
1333 1301 1474 1352 quibus
1507 1300 1576 1338 viri
1607 1300 1709 1338 docti
1741 1300 1788 1338 de
1819 1301 1894 1338 sin-

236 1358 339 1409 gulis
371 1358 570 1409 speciebus
610 1359 659 1397 ab
703 1360 798 1410 ipsis
830 1359 1045 1397 observatis
1086 1359 1299 1410 disputant,
1341 1359 1506 1409 primum
1543 1364 1586 1396 ut
1622 1357 1894 1404 demonstrem,

235 1416 378 1466 quibus
420 1416 595 1455 fontibus
638 1430 731 1455 usus
768 1417 816 1455 de
855 1417 1068 1468 speciebus,
1110 1416 1244 1467 quales
1282 1416 1360 1454 sint
1390 1422 1506 1466 atque
1538 1415 1602 1453 ubi
1634 1415 1894 1461 inveniantur,

235 1474 382 1520 dicam3
415 1474 565 1520 deinde,
597 1481 640 1512 ut
669 1475 709 1512 in
739 1474 1028 1513 narrationibus
1059 1474 1197 1520 dubiis,
1237 1474 1285 1511 de
1316 1473 1470 1525 quibus,
1507 1486 1594 1511 cum
1625 1473 1738 1511 certis
1769 1487 1895 1512 exem-

235 1531 411 1582 plaribus
456 1532 511 1570 uti
554 1545 633 1570 non
674 1533 877 1583 potuerim,
924 1532 1127 1571 decernere
1168 1546 1247 1570 non
1286 1532 1402 1582 potui,
1450 1532 1564 1569 etiam
1605 1544 1653 1569 ex
1691 1537 1893 1569 auctorum

239 1589 464 1627 nominibus
505 1589 685 1628 concludi
722 1590 855 1640 possit,
897 1597 1026 1628 utrum
1067 1591 1145 1628 veri
1185 1589 1327 1627 similes
1368 1602 1416 1627 an
1444 1602 1491 1626 ex
1523 1602 1646 1627 errore
1677 1595 1782 1626 ortae
1812 1602 1896 1627 esse

238 1646 438 1698 putandae
475 1648 562 1686 sint.
624 1647 757 1696 Quare
796 1648 859 1685 hic
899 1647 999 1686 liber
1038 1647 1159 1685 multo
1198 1646 1364 1698 amplior
1403 1646 1530 1684 factus
1562 1652 1638 1692 est;
1679 1645 1746 1684 sed
1786 1659 1896 1697 spero

237 1717 298 1742 me
330 1705 432 1742 hanc
463 1718 646 1755 magnam
677 1719 835 1756 operam
867 1718 947 1743 non
979 1705 1202 1756 perdidisse.
1264 1704 1343 1742 His
1375 1704 1608 1742 testimoniis
1640 1704 1748 1741 nisus
1780 1704 1896 1742 etiam

237 1762 384 1812 species
425 1763 558 1814 recepi,
603 1762 651 1800 de
695 1762 847 1814 quibuS,
890 1777 985 1801 num
1024 1763 1063 1800 in
1097 1762 1264 1802 Graecia
1303 1762 1562 1807 inveniantur,
1604 1761 1695 1798 mihi
1727 1761 1896 1798 maxime

238 1819 403 1858 dubium
444 1834 526 1858 esse
566 1820 779 1866 videbatur,
823 1821 925 1871 quod
968 1820 1132 1871 singulis
1174 1820 1266 1858 locis
1305 1819 1502 1858 adnotavi.
1564 1818 1819 1857 Narrationes
1851 1817 1897 1856 de

239 1877 452 1928 speciebus,
493 1891 591 1928 quas
622 1878 781 1916 omnino
813 1891 891 1916 non
924 1878 1091 1917 inveniri
1132 1879 1279 1928 putavi,
1322 1877 1388 1915 ubi
1421 1877 1467 1914 de
1499 1876 1665 1928 singulis
1697 1876 1897 1926 speciebus

239 1934 447 1985 disputavi,
489 1936 527 1973 in
567 1935 818 1974 adnotatione
860 1942 1013 1974 tantum
1045 1935 1352 1973 commemoravi.
1415 1934 1449 1972 F
1454 1934 1573 1972 uturis
1605 1933 1898 1985 quaestionibus

239 1992 278 2029 hi
310 2006 463 2039 errores,
505 1993 571 2044 qui
610 1993 797 2044 imprimis
828 1994 867 2031 in
900 1993 1009 2031 libris
1042 1993 1317 2031 vetustioribus
1348 1992 1610 2038 inveniuntur,
1652 1990 1899 2041 corrigendae

239 2056 362 2087 erunt.
423 2050 641 2101 Synonima
671 2064 750 2089 non
783 2051 854 2089 nisi
888 2052 1054 2089 maxime
1086 2051 1301 2089 necessaria
1331 2050 1453 2095 attuli,
1487 2056 1602 2100 atque
1634 2048 1822 2099 imprimis
1853 2061 1899 2086 ea

240 2108 407 2152 nomina,
440 2108 582 2159 quibus
614 2109 686 2146 hae
718 2109 865 2159 species
897 2109 936 2146 in
968 2108 1089 2153 libris,
1122 2109 1160 2145 in
1194 2108 1335 2159 quibus
1367 2107 1415 2145 de
1446 2106 1547 2144 flora
1578 2106 1729 2144 Graeca
1761 2106 1897 2156 agitur,

241 2165 506 2203 nominantur.

353 2222 548 2273 Imprimis
569 2236 725 2274 operam
745 2223 843 2269 dedi,
866 2230 909 2261 111
929 2224 1121 2262 exsiccata
1142 2222 1360 2267 indicarem,
1384 2221 1430 2259 de
1452 2220 1592 2272 quibus
1613 2220 1892 2272 descriptiones

239 2279 366 2318 factae
397 2287 498 2326 sunt,
539 2295 628 2319 cum
661 2281 705 2319 iis
736 2294 851 2331 saepe
882 2281 1159 2332 descriptiones
1192 2294 1270 2318 non
1303 2280 1396 2318 satis
1428 2285 1629 2317 accuratae
1660 2291 1896 2329 magnopere

239 2343 308 2375 aut
339 2337 508 2388 suppleri
541 2345 609 2376 aut
640 2339 773 2390 corrigi
806 2339 967 2389 possint.
1028 2339 1077 2376 In
1117 2351 1196 2389 qua
1231 2351 1271 2375 re
1312 2337 1500 2387 imprimis
1538 2336 1785 2374 collectiones
1828 2348 1899 2372 nu-

241 2395 354 2432 meris
385 2402 541 2434 notatae
572 2395 714 2434 allatae
746 2403 848 2442 sunt,
881 2410 968 2434 cum
999 2396 1168 2433 maxime
1199 2395 1432 2447 pervulgata
1463 2394 1550 2437 sint,
1584 2400 1628 2432 ut
1656 2392 1901 2431 Heldreichii

241 2451 462 2490 herbarium
481 2452 673 2491 Graecum
696 2453 869 2492 normale
890 2461 927 2492 et
949 2453 1186 2504 Orphanidis
1209 2453 1308 2491 flora
1330 2451 1482 2491 Graeca
1502 2452 1705 2495 exsiccata,
1728 2450 1896 2501 optimae

240 2508 498 2556 collectiones,
533 2511 667 2561 quales
698 2511 745 2549 de
778 2511 911 2562 paucis
942 2511 1052 2550 terris
1084 2511 1294 2557 habemus;
1328 2517 1409 2548 tum
1441 2509 1609 2560 quidem,
1643 2521 1731 2546 cum
1764 2506 1898 2545 collec-

242 2567 367 2604 tiones
390 2568 558 2605 numeris
575 2575 731 2607 notatae
748 2582 827 2606 non
844 2568 1014 2614 aderant,
1037 2568 1284 2607 collectiones
1306 2567 1478 2605 numeris
1497 2580 1574 2605 non
1591 2571 1747 2604 ornatas
1768 2564 1897 2603 citavi.

360 2624 578 2674 Diagnoses
610 2627 775 2676 optimas
806 2634 844 2664 et
874 2626 1180 2664 accuratissimas
1213 2639 1236 2664 a
1267 2625 1459 2664 Boissiero
1501 2624 1539 2661 in
1580 2623 1680 2661 flora
1721 2620 1900 2660 orientali

241 2680 437 2720 adhibitas
468 2683 638 2721 maxima
670 2683 825 2734 quidem
858 2697 906 2721 ex
939 2690 1045 2734 parte
1077 2690 1230 2721 secutus
1263 2697 1347 2720 sum
1378 2695 1502 2733 neque
1525 2680 1684 2725 mutavi,
1718 2679 1801 2725 nisi,
1834 2678 1900 2717 ubi

244 2740 481 2789 mutationes
512 2746 667 2791 propter
694 2741 839 2792 species
861 2741 990 2779 denuo
1012 2741 1209 2779 institutas
1231 2740 1312 2779 sive
1333 2740 1418 2778 aliis
1439 2753 1487 2777 cx
1514 2738 1642 2777 causis
1666 2737 1901 2775 necessarIas

244 2809 338 2843 esse,
371 2804 449 2843 aut,
482 2797 546 2835 ubi
581 2798 747 2848 speciem
779 2798 891 2836 aliter
922 2798 1188 2836 definiendam
1221 2811 1306 2836 esse
1337 2797 1484 2848 putavi.

362 2854 419 2894 Ut
450 2855 594 2906 species
627 2855 783 2893 facilius
816 2856 932 2894 statui
966 2861 1134 2906 possent,
1167 2869 1325 2906 operam
1357 2853 1457 2899 dedi,
1490 2859 1532 2891 ut
1562 2857 1713 2903 praeter
1742 2849 1902 2902 disposi-

246 2912 394 2951 tionem
436 2912 651 2951 secundum
694 2913 881 2951 sectiones
924 2913 1135 2952 dividerem
1181 2913 1221 2950 in
1263 2917 1391 2964 partes
1433 2911 1618 2956 minores,
1664 2922 1763 2961 quae
1806 2908 1902 2948 duas
