1987 3230
683 107 808 137 Fontes
832 107 933 137 florae
959 107 1115 139 Graecae.
1681 107 1731 141 IX

71 218 269 262 Lanykavel
293 218 348 259 B,
376 221 521 251 Botanik
546 221 605 251 der
630 224 784 261 spateren
811 221 986 253 Griechen.
1037 222 1164 259 Berlin,
1194 222 1292 257 1866,

62 264 161 298 Lenz
186 264 237 299 H.
268 264 317 303 O.‚
345 267 489 297 Botanik
514 267 574 297 der
598 267 688 298 alten
715 267 879 298 Griechen
906 268 977 298 und
1004 267 1137 299 Rbmer.
1187 267 1308 307 Gotha‚
1338 269 1437 300 1859.

70 310 163 343 Link
187 311 238 344 H.
266 310 336 350 Fr:‚
364 313 543 352 Symbolae
569 313 609 344 ad
636 313 751 344 floram
777 323 940 353 graecam,
967 314 1001 344 in
1028 314 1175 344 Linnaea
1200 313 1264 345 IX.
1291 325 1324 354 p.
1354 315 1417 345 128
1445 315 1572 354 (1834).

64 357 208 400 .Maryot
231 356 282 389 H.
309 363 342 390 et
367 357 495 389 Reuter
518 357 552 391 J.
584 356 635 397 G„
663 360 756 390 Essai
782 360 884 390 d'une
909 360 989 390 flore
1015 360 1056 390 de
1080 357 1151 390 l‘ile
1176 359 1216 390 de
1243 360 1357 392 Zante.
1410 361 1508 392 1838.

70 403 172 436 Murr
195 402 243 446 J„
269 405 332 435 Dic
358 405 597 436 Pflanzenwelt
622 406 656 436 in
682 406 742 436 der
766 406 994 445 griechischen
1021 406 1238 446 Mythologie.
1289 406 1491 446 1nnsbruek,
1522 408 1620 439 1890.

76 448 203 482 Olivier
231 448 273 483 G.
299 449 358 484 A..
385 452 522 491 Voyage
547 452 630 482 dans
655 449 809 492 l’empire
835 456 996 483 ottoman.
1046 452 1141 483 Paris
1169 453 1338 483 1801-4,

77 494 290 539 Orphanidcs
320 494 391 534 Th„
418 498 637 528 Enumeratio
663 498 826 528 chloridis
853 499 1061 529 Hellenicac.
1112 498 1225 528 Athen
1255 498 1354 530 1866.

72 562 114 566 -
141 544 206 574 Sur
231 541 324 574 l’etat
357 544 466 574 actuel
500 544 541 574 de
577 544 608 574 la
634 544 714 574 flore
739 555 893 584 grecque,
928 545 962 574 in
996 549 1083 575 actes
1114 544 1160 574 du
1186 546 1324 584 congres
1349 545 1587 576 international
1613 545 1653 576 de
1679 545 1734 576 bo-

163 590 300 630 tanique
324 593 405 620 tenu
430 592 451 620 a
477 590 573 621 Paris
598 601 638 620 en
664 592 744 621 aout
773 591 870 622 1867.

71 654 114 659 —
141 636 207 666 qur
231 635 278 666 les
302 638 485 667 caracteres
510 637 709 676 specifiques
743 637 788 667 du
816 646 916 676 genre
942 636 1135 667 Colchicum
1163 639 1195 666 et
1221 646 1279 666 sur
1304 636 1467 677 quelques
1493 639 1625 677 especes
1652 648 1733 668 non

165 681 345 712 vellement
379 683 595 713 decouvertes
620 693 660 713 en
687 683 801 721 (11606,
836 683 870 712 in
904 683 965 713 atti
997 683 1052 713 del
1087 692 1262 721 conglesso
1292 683 1552 714 internationale
1578 684 1734 715 botanico

164 732 279 758 tenuto
304 729 338 758 in
365 729 505 759 Firenze
531 729 586 759 nel
613 739 701 760 mese
726 729 760 759 di
787 729 919 768 Maggio
949 729 1035 759 1874
1061 739 1093 768 p.
1121 729 1175 760 27.
1225 729 1366 759 Firenze
1396 730 1492 763 1876.

71 793 113 798 -—-
142 775 259 805 Plante
289 785 401 805 nuove
434 780 467 805 et
502 785 572 805 rare
601 775 636 805 di
662 775 789 813 Grecia‚
821 775 855 805 in
890 775 952 805 atti
986 774 1040 804 del
1075 784 1249 814 congresso
1284 775 1543 806 internationale
1578 776 1733 807 botanico

162 824 279 851 tenuto
304 821 339 850 in
368 821 508 851 Firenze
535 821 590 852 nel
616 831 704 852 mese
729 822 761 851 di
791 821 922 861 Maggio
951 821 1038 852 1874
1065 831 1097 860 p.
1125 821 1203 855 214,
1254 821 1396 851 Firenze
1425 822 1525 854 1870.

67 864 280 906 Ostermeyer
317 864 370 902 F..
407 868 542 906 Beitrag
575 877 634 898 zur
660 867 760 898 Flora
793 867 853 897 der
885 867 1055 907 jonischen
1082 867 1214 906 Inseln,
1250 868 1284 897 in
1311 868 1413 900 Verh.
1449 868 1531 898 zool.
1558 868 1628 900 bot.
1656 868 1732 901 Ges.

165 912 357 945 XXXVII.
384 924 417 954 p.
444 914 506 945 651
537 912 667 953 (1887).

72 978 114 982 --
144 959 278 998 sseitrag
303 970 363 990 zur
389 960 490 990 Flora
515 970 580 990 von
607 960 723 998 Kreta,
750 960 784 989 in
813 959 914 990 Verh.
942 959 1024 991 zool.
1051 959 1118 990 bot.
1145 959 1220 991 Ges.
1248 960 1321 991 XL.
1348 970 1380 999 p.
1408 960 1471 990 291
1501 960 1630 999 (1890).

70 1003 214 1037 Partsch
249 1003 294 1043 J„
330 1006 465 1037 Bericht
498 1006 581 1036 iiber
613 1007 667 1036 die
694 1005 1034 1036 wissenschaftlichen
1062 1006 1260 1045 Ergebnisse
1292 1006 1401 1036 seiner
1426 1006 1547 1037 Reisen
1581 1008 1640 1037 auf
1670 1007 1735 1037 den

163 1051 276 1082 Inseln
301 1053 359 1082 des
383 1052 556 1091 jonisehen
582 1052 720 1090 Meeres,
746 1052 780 1082 in
807 1051 997 1091 Sitzungsb.
1024 1052 1084 1082 der
1110 1052 1187 1086 kim.
1214 1062 1344 1092 preuss.
1365 1052 1476 1083 Akad.
1496 1052 1595 1085 VViss.
1622 1053 1737 1084 Berlin

169 1098 255 1129 1886
281 1109 314 1138 p.
342 1099 419 1129 615.

70 1142 273 1184 Philippson
297 1142 355 1182 A„
383 1145 449 1174 Der
474 1144 574 1175 Wald
599 1145 634 1174 in
660 1144 918 1183 Griechenlaud,
944 1144 977 1174 in
1009 1144 1207 1175 Naturwiss.
1228 1144 1464 1176 Wochcnschr.
1496 1146 1582 1176 1890
1602 1155 1634 1185 p.
1655 1146 1735 1178 334.

70 1209 114 1215 -—
140 1184 230 1222 [lber
254 1191 312 1221 das
336 1191 567 1221 Vorkommen
593 1191 652 1221 der
677 1191 915 1221 Rosskastanie
941 1191 1010 1221 und
1035 1190 1095 1221 der
1120 1191 1234 1221 Buche
1259 1191 1293 1220 in
1321 1191 1671 1230 Nordgriechenland,
1702 1192 1734 1221 in

164 1237 360 1268 Naturwiss.
389 1237 625 1268 Wochenschr.
651 1237 716 1268 IX.
742 1248 774 1268 n.
802 1237 844 1268 35
872 1236 1000 1277 (1894).

71 1301 115 1306 —
140 1284 208 1314 Zur
233 1283 548 1317 Vegetationskarte
576 1283 634 1314 des
660 1283 881 1324 Peloponnes,
917 1284 949 1313 in
978 1283 1197 1313 Petermauns
1221 1293 1332 1322 geogr.
1360 1283 1496 1315 Mitteil.
1525 1283 1606 1314 XII.
1638 1284 1736 1316 1805..

71 1327 169 1361 Pieri
205 1327 256 1361 Μ.
287 1327 334 1366 T„
371 1330 469 1360 Della
493 1330 656 1361 corciresa
680 1330 762 1360 flora
795 1330 949 1360 centuria
973 1330 1093 1369 prima,
1127 1329 1268 1360 seconda
1298 1339 1315 1359 e
1340 1332 1442 1361 terza.
1492 1330 1606 1369 Corfu,
1638 1330 1737 1361 1814.

73 1395 116 1399 —
142 1376 244 1407 Flora
268 1376 484 1408 Corcirensis.
534 1376 700 1413 Coroirae,
730 1376 828 1407 1824.

71 1420 319 1464 Poni7·0poulos
344 1420 388 1453 E.
413 1419 459 1459 J„
486 1423 582 1452 Trois
597 1422 743 1453 familles
767 1422 807 1452 de
832 1421 866 1452 la
891 1422 971 1452 flore
988 1421 1181 1461 hellenique
1207 1425 1239 1451 et
1264 1422 1496 1452 enumeration
1522 1422 1580 1453 des
1600 1421 1737 1462 plantes

165 1469 330 1509 ligneuses
354 1469 396 1499 de
419 1469 453 1499 la
478 1469 592 1507 GrEce,
619 1469 652 1499 iu
680 1468 769 1500 Bull.
796 1478 860 1499 soc.
887 1468 954 1500 bot.
982 1468 1110 1498 Francc
1136 1467 1309 1499 XXXVI.
1337 1468 1464 1507 (1889).

72 1513 238 1546 Ρι·ἰίἰίεα.υ
273 1514 320 1546 Α.
345 1521 376 1545 et
402 1513 462 1545 Du.
489 1513 581 1553 Bois,
616 1515 678 1545 Les
712 1515 844 1555 plantes
877 1514 1105 1545 alimentaires
1137 1512 1338 1554 spontanees
1370 1524 1411 1545 en
1438 1512 1554 1554 Grbce,
1588 1515 1623 1544 in
1649 1515 1738 1546 Rev.

169 1572 211 1592 sc
238 1565 305 1593 nat.
331 1560 533 1602 appliquees
562 1562 660 1593 1890.
702 1580 705 1583 >

73 1606 207 1639 Raulin
237 1605 288 1645 V.
316 1606 530 1652 Description
556 1608 725 1648 physique
749 1607 791 1637 de
815 1607 888 1638 l’ile
913 1607 954 1637 de
981 1604 1090 1638 Crete.
1141 1606 1245 1645 Paris,
1275 1606 1372 1639 1869.

73 1652 266 1696 Rechmyer
294 1651 341 1691 0.,
368 1647 460 1685 Uber
485 1654 583 1685 einen
609 1663 717 1684 neuen
744 1653 911 1693 hybriden
938 1654 1072 1684 Rumex
1098 1662 1158 1683 aus
1188 1632 1447 1692 Griechenland,
1473 1653 1507 1683 in
1527 1652 1739 1684 Verl1.zool.

169 1701 235 1731 bot.
261 1700 336 1731 Ges.
368 1701 464 1732 1899.

77 1744 177 1787 Rouy
214 1744 264 1778 M.
295 1743 349 1779 G..
383 1747 486 1777 Notes
517 1756 574 1776 sur
605 1746 638 1777 la
662 1746 863 1786 geographie
896 1746 1080 1785 botanique
1113 1745 1154 1775 de
1179 1745 1351 1785 1’·Eu10pe,
1384 1745 1418 1775 in
1453 1744 1537 1776 bull.
1572 1755 1638 1776 soc.
1673 1745 1740 1776 bot.

170 1793 297 1824 France
324 1793 478 1823 XXXV.
506 1803 538 1832 p.
565 1793 608 1823 32
635 1793 764 1832 (1888).

77 1857 118 1862 -—
147 1839 392 1870 Illustrationes
417 1839 611 1879 plantarum
638 1839 794 1879 Europae
820 1838 985 1869 rariorum
1046 1837 1142 1868 Paris
1170 1837 1269 1869 1895.

79 1882 216 1916 Scheele
253 1883 313 1922 A„
349 1885 502 1924 Beitrage
535 1895 596 1915 zur
627 1885 809 1915 deutschen
844 1885 913 1915 und
948 1883 1241 1914 schweizerischen
1268 1883 1379 1922 Flora,
1415 1884 1449 1913 in
1476 1883 1578 1913 Flora
1604 1883 1739 1914 XXVI.

172 1942 205 1971 p.
233 1932 296 1962 557
326 1931 456 1971 (1843).

78 1974 210 2008 Schenlc
234 1976 292 2016 A„
330 1977 461 2008 Genera
485 1981 517 2007 et
542 1977 667 2017 species
692 1987 962 2017 cyperacearum,
994 1986 1080 2016 quae
1105 1976 1139 2005 in
1166 1985 1267 2015 regno
1293 1975 1429 2013 Graeco,
1457 1975 1682 2015 Archipelago
1708 1980 1739 2006 et

171 2024 205 2054 in
235 2023 356 2054 insulis
381 2024 520 2063 Jonieis‚
558 2034 619 2054 nec
650 2033 717 2054 non
751 2023 786 2053 in
821 2023 932 2054 insula
965 2023 1062 2054 Creta
1095 2025 1279 2052 crescentes
1311 2022 1486 2061 hueusque
1520 2026 1617 2052 notae
1653 2025 1740 2052 sunt.

173 2070 353 2104 Monachii.
383 2070 482 2103 1841.

81 2113 230 2146 Schmidt
253 2113 287 2148 J.
313 2113 354 2148 F.
379 2113 425 2153 J„
451 2116 663 2156 Geographie
690 2126 755 2146 von
781 2115 1041 2146 Griechenland.
1092 2115 1214 2152 Athen,
1247 2114 1345 2145 1860.

77 2159 215 2192 -Schullz
256 2159 291 2193 Ο.
319 2160 381 2201 Η.,
415 2163 515 2193 Notiz
548 2162 632 2192 iiber
664 2162 774 2202 einige
805 2171 890 2192 neue
923 2162 992 2191 und
1027 2161 1133 2201 wenig
1166 2161 1336 2191 bekannte
1361 2160 1583 2200 Compositae‚
1619 2159 1743 2190 welche

172 2209 262 2238 Herr
287 2209 345 2240 Dr.
373 2209 476 2239 Fraas
501 2209 534 2239 in
562 2208 810 2239 Griechenland
835 2207 1031 2247 gesa-mmelt
1056 2207 1124 2246 hat,
1151 2207 1185 2237 in
1211 2206 1314 2237 Flora
1331 2206 1461 2245 XXV.,
1489 2205 1597 2237 Beibl.
1623 2216 1656 2246 p.
1678 2206 1741 2236 158

80 2319 123 2323 —
150 2300 424 2340 Correspondenz
449 2301 482 2330 in
511 2300 613 2331 Flora
639 2301 755 2332 XXV.
782 2311 815 2340 p.
844 2301 907 2331 172
937 2299 1066 2340 (1842).

82 2343 216 2377 Schultz
253 2344 296 2378 F.
326 2344 387 2384 W„
424 2347 672 2386 Andeutungen
700 2357 759 2377 zur
785 2347 970 2377 Kenntniss
995 2346 1121 2385 einiger
1146 2344 1367 2376 Orobanchen
1393 2343 1673 2378 Griechenlands,
1709 2344 1741 2373 in

174 2393 276 2424 Flora
302 2393 437 2425 XXIV.
465 2404 496 2433 p.
527 2394 589 2424 125
617 2394 747 2432 (1843).

81 2456 124 2461 —-
150 2439 408 2479 Nachtriigliche
435 2439 691 2479 Bemerkungen
717 2449 757 2470 zu
784 2439 914 2470 meincn
942 2438 1204 2477 Andeutungen,
1231 2437 1266 2467 in
1293 2436 1394 2466 Flora
1421 2435 1590 2468 XXVIII.
1616 2446 1649 2476 p.
1679 2436 1743 2467 737

163 2485 305 2525 ’(1845),

84 2527 244 2572 Scbthorp
268 2529 302 2563 J.
329 2534 362 2562 et
388 2528 498 2563 Smith
521 2529 553 2562 J.
581 2529 638 2573 E„
671 2531 792 2562 Florae
817 2541 953 2571 graecae
979 2530 1190 2570 prodromus.
1240 2527 1396 2566 Londffli,
1427 2528 1664 2560 1800—1813.

85 2594 126 2598 ——
153 2577 255 2608 Flora
278 2587 406 2617 graeca.
455 2578 612 2616 Londini‚
643 2578 833 2609 1806—40.

85 2620 204 2654 Siebcr
227 2621 268 2655 F.
299 2621 352 2661 G„
378 2624 652 2664 Correspondenz
679 2624 714 2653 in
740 2624 842 2654 Flora
867 2623 892 2655 1.
921 2633 954 2663 p.
981 2622 1046 2653 269
1074 2621 1202 2659 (1818).

85 2687 127 2690 -
156 2669 238 2700 Avis
263 2670 321 2700 des
346 2670 488 2710 plantes,
538 2670 636 2709 Prag,
668 2670 765 2702 1821.

85 2733 127 2737 —
154 2716 248 2745 Neue
273 2716 342 2746 und
367 2717 494 2747 seltene
519 2716 709 2753 Gewiichse,
736 2716 771 2745 in
797 2715 900 2745 Flora
925 2715 966 2746 V.
994 2725 1025 2754 p.
1053 2715 1116 2744 241
1146 2712 1275 2753 (1822).

86 2780 128 2785 -—
156 2761 436 2802 Berichtigungen
472 2763 530 2792 des
562 2759 792 2793 Sieber'schcn
826 2761 1010 2792 cretischen
1045 2760 1277 2796 Hei-barium,
1313 2757 1347 2788 in
1384 2758 1485 2788 Flora
1520 2757 1579 2790 VI.
1614 2768 1646 2797 p.
1680 2757 1744 2788 :393

178 2808 305 2847 (1822).

86 2872 126 2876 —
155 2853 411 2893 Bemerkungen
446 2854 530 2885 iiber
555 2854 725 2885 Cenchrus
750 2854 934 2884 frutescens
958 2853 1007 2892 L.⁷
1044 2851 1229 2892 Eryngiurn
1257 2850 1422 2881 trifolium
1449 2849 1527 2889 Alp.
1554 2850 1623 2880 und
1650 2849 1743 2879 Cam-

179 2899 305 2940 panula
330 2899 540 2940 pelviformis
566 2900 672 2942 Lam,
696 2899 731 2929 in
757 2899 858 2930 Flora
884 2899 925 2929 V.
951 2909 984 2939 p.
1015 2899 1054 2929 14
1080 2897 1210 2939 (1822).
