1987 3230
691 778 1112 861 Praefatio

184 1001 342 1040 Floram
375 1000 572 1046 Graeciae,
611 1013 710 1052 quae
741 1013 893 1051 semper
923 1000 1075 1038 animos
1108 1013 1234 1039 rerum
1265 1009 1429 1040 naturae
1459 1001 1732 1053 inquisitorum

68 1059 282 1099 oblectatos
314 1058 482 1105 tenebat,
524 1071 761 1109 quamquam
801 1058 878 1096 iam
915 1064 1085 1096 exeunte
1126 1058 1280 1097 saeculo
1311 1059 1455 1098 XVII.
1497 1067 1535 1097 et
1573 1060 1734 1098 ineunte

70 1117 225 1156 saeculo
246 1116 412 1155 XVIII.
445 1115 739 1167 quaestionibus
770 1116 939 1154 virorum
962 1115 1163 1154 doctorum
1188 1116 1325 1168 patuit,
1357 1117 1506 1168 primus
1527 1117 1556 1157 J
1558 1118 1733 1156 ohannes

69 1175 315 1225 Sibthorpius
341 1174 532 1220 tractavit,
565 1174 631 1225 qui
663 1174 703 1211 in
736 1173 1121 1224 peregrinationibus,
1154 1187 1252 1225 quas
1284 1174 1438 1213 saeculo
1469 1174 1636 1215 XVIII.
1671 1189 1735 1214 ex-

69 1240 185 1271 eunte
216 1232 394 1283 suscepit,
437 1245 623 1283 magnam
662 1232 778 1270 huius
816 1240 938 1270 terrae
977 1238 1138 1283 part-em,
1180 1232 1285 1284 quod
1323 1232 1372 1271 ad
1412 1232 1551 1271 floram
1583 1234 1734 1279 attinet,

69 1290 358 1342 pervestigavit.
420 1289 556 1341 Atque
597 1296 925 1336 „monumentum
966 1303 1052 1328 aere
1095 1290 1327 1341 perennius“
1373 1297 1553 1329 exactum
1596 1299 1654 1329 est
1693 1291 1734 1328 in

69 1348 177 1387 libris
218 1347 296 1386 illis
339 1346 504 1394 duobus,
547 1360 643 1398 quos
683 1347 910 1398 Sibthorpio
950 1355 1101 1386 mortuo
1141 1347 1179 1387 J.
1212 1348 1259 1387 E.
1291 1348 1479 1387 Smithius
1520 1355 1559 1387 et
1594 1349 1735 1400 partim

69 1406 109 1446 J.
141 1405 363 1456 Lindleyus
393 1405 610 1452 ediderunt,
652 1404 794 1456 quibus
825 1404 936 1443 libris
976 1404 1144 1452 „Florae
1176 1405 1351 1445 Graecae
1388 1406 1639 1457 prodromus“
1679 1407 1735 1444 in-

71 1463 261 1510 scribitur,
292 1463 482 1514 imprimis
513 1470 642 1501 autem
674 1462 784 1501 libris
815 1463 894 1501 illis
918 1463 1051 1502 decem
1082 1463 1210 1502 forma
1241 1464 1416 1502 maxima
1446 1478 1479 1502 a.
1512 1464 1559 1504 F.
1583 1464 1737 1503 Bauero

70 1521 274 1559 illustratis
307 1527 424 1572 atque
455 1520 599 1567 „Flora
630 1521 806 1560 Graeca“
838 1521 1055 1572 inscriptis;
1099 1521 1163 1572 qui
1196 1522 1253 1560 vir
1283 1522 1323 1560 in
1355 1530 1436 1560 arte
1469 1535 1539 1561 sua
1569 1522 1736 1560 multum

71 1588 247 1618 versatus
279 1578 546 1629 Sibthorpium
578 1579 884 1630 perigrinantem
916 1579 1124 1618 comitatus
1155 1586 1238 1617 erat
1277 1587 1395 1631 atque
1432 1579 1504 1618 hos
1534 1579 1654 1618 libros
1685 1579 1735 1619 ad

71 1637 272 1676 veritatem
313 1637 458 1688 optime
498 1636 724 1683 illustravit,
771 1650 890 1688 quare
928 1637 970 1675 in
1011 1637 1306 1688 quaestionibus
1351 1637 1399 1676 de
1443 1637 1545 1676 flora
1585 1637 1738 1677 Graeca

72 1694 261 1733 faciendis
302 1708 454 1745 semper
494 1694 798 1733 fundamentum
829 1695 941 1746 quasi
973 1701 1097 1734 erunt.
1149 1695 1249 1734 Plus
1284 1698 1394 1736 1000
1427 1696 1573 1747 species
1605 1696 1645 1734 in
1676 1696 1737 1733 his

72 1751 179 1791 libris
210 1758 490 1791 enumerantur
520 1760 636 1803 atque
666 1753 808 1804 partim
840 1752 1111 1791 describuntur
1141 1754 1223 1792 sive
1254 1753 1530 1805 depinguntur.

190 1809 510 1859 Quaestionibus,
548 1823 647 1861 quae
684 1824 733 1848 ex
768 1809 835 1848 illo
873 1817 1046 1862 tempore
1086 1811 1290 1849 institutae
1331 1817 1432 1858 sunt,
1479 1818 1517 1850 et
1552 1824 1738 1850 numerus

75 1868 137 1906 hic
168 1867 292 1906 multo
323 1874 460 1905 auctus
501 1875 559 1906 est
599 1875 637 1905 et
672 1867 889 1906 nonnullae
927 1870 1177 1907 tractationes
1214 1869 1390 1920 egregiae
1421 1869 1604 1908 incitatae
1635 1875 1737 1907 sunt.

75 1926 188 1975 Quae
225 1939 273 1963 ex
311 1925 615 1976 quaestionibus
663 1939 763 1976 quae
804 1939 927 1977 usque
964 1926 1014 1964 ad
1054 1939 1203 1964 annum
1249 1930 1357 1967 1880
1398 1927 1599 1965 institutae
1635 1933 1737 1971 sunt,

75 1983 311 2029 efficiuntur,
359 1983 531 2021 maxima
576 1983 730 2034 quidem
771 1997 820 2021 ex
861 1991 969 2035 parte
1010 1984 1050 2021 in
1090 1984 1286 2023 Boissierii
1326 1984 1425 2023 libro
1470 1985 1624 2036 insigni,
1673 1984 1738 2036 qui

75 2040 216 2087 „Flora
247 2040 469 2079 orientalis“
509 2041 742 2087 inscribitur,
784 2041 956 2087 collecta,
998 2041 1066 2080 sed
1106 2048 1264 2093 propter
1304 2043 1453 2094 copiam
1486 2044 1668 2081 materiae
1698 2043 1738 2079 in

75 2099 147 2137 1100
177 2098 276 2137 libro
306 2104 492 2136 tractatae
522 2099 576 2136 ita
607 2098 795 2150 dissipata
826 2107 928 2145 sunt,
961 2107 1005 2137 ut
1035 2113 1161 2137 rerum
1194 2106 1348 2147 statum,
1381 2100 1485 2151 quod
1517 2100 1568 2139 ad
1598 2100 1737 2138 floram

77 2155 268 2196 Graecam
301 2157 451 2202 attinet,
483 2156 611 2208 qualis
640 2170 747 2195 1111110
769 2157 828 2202 sit,
861 2157 937 2194 nisi
960 2157 1192 2196 difficillime
1223 2171 1302 2196 non
1334 2171 1564 2209 cognoscere
1594 2158 1738 2209 possis;

77 2220 273 2266 praeterea
304 2228 353 2252 ex
384 2220 566 2265 tempore,
599 2228 676 2265 quo
708 2214 774 2253 ille
804 2214 902 2253 liber
927 2216 1093 2266 scriptus
1114 2222 1182 2261 est,
1216 2216 1463 2267 quaestiones
1485 2216 1523 2253 in
1546 2216 1619 2254 hac
1640 2222 1739 2253 terra

77 2271 378 2323 pervestiganda
409 2285 488 2309 non
511 2271 691 2324 paullum
714 2280 992 2323 processerunt.
1024 2283 1067 2311 ut
1087 2286 1166 2311 non
1194 2273 1379 2325 indignae
1409 2287 1493 2312 esse
1525 2273 1738 2318 videantur,

78 2342 177 2380 quae
208 2329 600 2380 comprehendantur.
663 2330 797 2380 Quare
836 2331 896 2368 ius
928 2330 1020 2368 mihi
1052 2331 1188 2369 datum
1229 2345 1312 2369 esse
1342 2338 1449 2382 puto,
1488 2338 1531 2369 ut-
1563 2331 1666 2369 hunc
1697 2330 1739 2368 li-

79 2386 238 2433 bellum,
280 2387 321 2424 in
353 2400 430 2438 quo
461 2387 509 2425 de
540 2387 726 2427 Graeciae
762 2388 881 2439 ipsius
918 2387 1018 2427 flora
1059 2389 1195 2440 agitur,
1235 2389 1358 2435 edam,
1397 2389 1619 2440 praesertim
1651 2402 1738 2427 cum

79 2445 155 2482 iam
188 2444 280 2482 satis
312 2443 454 2483 multos
485 2458 610 2483 annos
632 2446 723 2484 111110
754 2445 876 2484 florae
907 2459 1063 2497 operam
1091 2446 1198 2495 dem3
1231 2446 1381 2491 deinde,
1414 2460 1502 2485 cum
1533 2446 1739 2485 herbarum

80 2502 292 2547 materiam,
330 2516 446 2553 quam
481 2503 783 2554 copiosissimam
815 2503 1052 2555 possideam;
1096 2504 1273 2555 denique,
1317 2517 1407 2542 cum
1446 2504 1528 2555 ipse
1564 2505 1604 2542 111
1635 2517 1738 2555 pere-

80 2559 363 2610 grinationibus
403 2560 509 2598 haud
548 2574 712 2611 parvam
748 2561 865 2599 huius
906 2567 1027 2600 terrae
1058 2568 1206 2612 partem
1237 2562 1486 2612 cognoverim
1527 2569 1643 2613 atque
1679 2561 1739 2598 his

81 2630 129 2655 ex
160 2617 287 2655 causis
318 2618 578 2669 cognitionem
611 2618 728 2656 huius
758 2618 879 2657 florae
911 2632 1133 2670 comparare
1165 2620 1364 2672 potuerim.

238 2674 315 2713 uod
347 2675 395 2713 ad
422 2675 714 2726 dispositionem
737 2677 918 2714 materiae
939 2677 1114 2727 pertinet,
1147 2676 1399 2728 dispositione
1420 2677 1461 2714 111
1484 2675 1739 2715 Decandollei

82 2674 334 2785 „prssmffl
366 2732 542 2771 adhibita
572 2747 666 2771 usus
698 2747 785 2772 sum
817 2747 907 2779 non,
939 2734 1044 2785 quod
1065 2734 1252 2773 rationem
1283 2735 1321 2772 in
1353 2748 1467 2786 opere
1498 2733 1564 2772 illo
1594 2734 1740 2784 gravis-

84 2789 154 2826 sim
220 2789 430 2828 'dhibitam
469 2791 723 2829 rectissimam
762 2791 1104 2842 phylogeneticam
1143 2805 1227 2830 esse
1266 2798 1410 2843 putem,
1452 2792 1519 2830 sed
1562 2790 1739 2830 utilitatis

84 2859 225 2957 (13110λόΗ
243 2853 287 2884 ut
316 2847 369 2885 ita
390 2847 527 2895 dicam,
560 2862 649 2887 cum
672 2848 767 2897 haec
789 2849 989 2900 dispositio
1011 2849 1181 2888 maxime
1203 2849 1432 2901 pervulgata
1454 2850 1512 2887 sit.
1561 2848 1739 2887 Ceterum

152 2937 170 2954 V

173 2952 180 2958 .
228 2930 343 2964 alacsy,
362 2930 451 2957 Flora
470 2931 592 2958 Graeca.
629 2933 684 2959 ΙΙΙ.
1486 2928 1502 2961 Ι

131 2955 197 3083 0οΤ
