1987 3230
801 97 978 129 Praefatio.
1674 93 1726 126 HI

65 221 221 254 tantum
252 214 398 266 species
430 213 709 252 concluderent
739 218 856 263 atque
887 211 1090 250 contrariis
1121 210 1373 261 diagnosticis
1396 210 1724 255 discernerentur;

65 274 178 324 signa
213 271 419 323 anteposui
465 271 576 309 haec:
620 283 644 308 a
675 284 702 310 α
735 275 765 305 ><
800 270 841 311 O
876 304 882 310 .
917 284 925 315 3
956 299 964 314 ,
999 292 1064 308 ——.
1138 268 1264 307 Simul
1304 274 1555 318 conspectum
1599 268 1724 318 operis

65 331 263 370 clariorem
297 329 383 368 fieri
404 329 552 380 putavi,
586 329 615 366 si
642 328 748 366 hunc
770 334 1017 378 conspectum
1042 327 1240 376 signorum
1264 325 1506 377 singulorum
1528 339 1724 376 generum,

65 388 209 440 quibus
240 386 458 438 complures
490 386 634 437 species
666 391 768 431 sunt,
801 385 1049 435 descriptioni
1081 383 1400 435 praeposuissem.

182 445 300 494 Quod
342 444 391 482 ad
423 443 518 490 loca,
560 443 626 482 ubi
659 444 804 494 species
837 443 1100 487 inveniuntur,
1148 440 1322 479 notanda
1362 440 1538 492 pertinet,
1585 440 1726 484 omnia,

66 517 165 554 quae
196 503 276 541 sive
306 516 356 540 ex
386 501 602 540 litteratura
639 501 719 540 sive
750 515 799 539 ex
830 500 1015 539 herbariis
1046 512 1277 549 cognoscere
1309 499 1426 549 potui,
1468 496 1589 543 attuli,
1623 498 1727 548 quod

65 561 138 599 hoc
169 560 251 599 solo
283 559 409 605 modo,
451 559 594 610 quibus
633 559 673 596 in
714 558 940 609 regionibus
982 564 1112 603 terrae,
1154 556 1258 607 quod
1298 556 1347 594 ad
1379 555 1518 594 floram
1551 556 1727 606 pertinet,

66 632 147 657 non
186 618 280 656 satis
319 618 614 669 pervestigatae,
657 617 803 668 species
835 615 1095 661 inveniantur,
1134 621 1234 652 certe
1272 614 1437 652 discerni
1478 620 1616 663 potest.
1679 612 1727 650 In

66 677 201 728 paucis
232 681 387 714 tantum
419 674 634 726 speciebus,
677 687 774 725 quas
808 673 953 725 ubique
994 672 1161 711 inveniri
1201 677 1365 718 constat,
1408 672 1509 709 hanc
1540 671 1727 708 rationem

67 734 237 785 neglexi.
299 732 474 771 Nomina
504 732 676 771 locorum
707 732 762 770 ita
792 731 939 782 scripsi,
982 737 1026 768 ut
1063 730 1144 768 sive
1176 730 1218 767 in
1248 729 1356 767 libris
1399 729 1480 767 sive
1519 728 1559 765 in
1604 728 1728 766 titulis

67 792 148 830 sive
179 791 218 828 in
241 791 375 830 charta
401 791 508 841 regni
531 790 717 829 Graeciae
747 788 1007 840 geographica
1038 801 1061 826 a
1091 787 1248 825 militari
1276 787 1453 825 instituto
1475 786 1729 837 geographico

68 849 370 888 Vindobonensi
401 847 560 886 modulo
595 852 612 886 1
639 850 865 887 :3000000
903 859 1008 884 anno
1052 849 1159 885 1885
1192 845 1297 883 edita
1328 851 1443 895 atque
1475 843 1524 881 ab
1548 843 1603 884 H.
1638 843 1730 882 Kie-

67 912 176 958 perto
207 912 410 958 perspecta
440 911 508 943 aut
538 905 575 943 in
608 905 741 943 charta
773 904 911 944 Cretae
943 903 992 942 ab
1015 903 1069 942 H.
1092 903 1282 954 Kieperto
1313 902 1418 940 edita
1449 902 1591 939 inveni.
1638 901 1731 950 Qua

67 965 108 1002 in
139 978 179 1002 re
218 964 523 1002 uniformitatem
566 962 799 1001 difficillime
841 962 1061 1000 conservari
1106 961 1289 1012 potuisse,
1333 959 1447 999 facile
1489 958 1729 1009 intelligitur,

68 1022 290 1074 praesertim
322 1035 411 1060 cum
443 1027 481 1059 et
510 1020 604 1058 locis
635 1026 674 1059 et
704 1020 903 1058 montibus
940 1025 979 1058 et
1008 1018 1254 1065 fluminibus,
1296 1018 1370 1056 nisi
1401 1016 1611 1068 complura,
1653 1016 1730 1054 duo

69 1079 209 1118 saltem
240 1079 400 1118 nomina
422 1079 509 1123 sint,
541 1077 709 1116 alterum
731 1078 904 1129 antiquo,
937 1077 1103 1115 alterum
1125 1077 1334 1128 posteriore
1356 1082 1527 1126 tempore
1550 1074 1728 1112 inditum.

69 1137 148 1177 Sed
179 1151 266 1176 cum
299 1137 403 1183 locis,
435 1136 503 1175 ubi
526 1136 672 1187 species
692 1136 955 1181 inveniuntur,
989 1148 1141 1186 semper
1162 1134 1382 1185 provinciae
1404 1146 1548 1171 nomen
1571 1145 1730 1183 praepo-

70 1195 222 1240 suerim,
264 1194 495 1246 plerumque
530 1193 637 1232 haud
678 1193 891 1232 difficiliter
926 1192 1021 1239 loca,
1064 1193 1093 1230 si
1132 1192 1292 1243 quidem
1330 1192 1368 1229 in
1401 1190 1544 1229 chartis
1574 1202 1731 1240 geogra-

69 1253 192 1304 phicis
224 1252 416 1303 descripta
448 1257 549 1298 sunt,
582 1252 748 1290 inveniri
780 1265 893 1302 posse
923 1251 1017 1289 mihi
1049 1250 1243 1289 videntur.

184 1310 323 1349 Restat
354 1310 532 1361 denique,
564 1316 609 1347 ut
632 1309 824 1355 omnibus,
858 1309 925 1360 qui
947 1323 1008 1347 me
1027 1309 1065 1346 in
1098 1308 1171 1346 hoc
1203 1320 1317 1358 opere
1348 1305 1594 1344 conficiendo
1626 1304 1732 1342 adiu-

71 1374 220 1414 verunt,
261 1368 404 1419 gratias
444 1381 567 1418 agam,
605 1367 793 1419 imprimis
833 1367 907 1406 Th.
941 1367 988 1404 de
1020 1365 1247 1411 Heldreich,
1288 1364 1412 1402 amico
1453 1377 1536 1401 meo
1569 1368 1730 1408 mortuo,

70 1426 138 1477 qui
168 1425 311 1464 multos
341 1439 410 1477 per
441 1438 565 1464 annos
597 1426 760 1464 materia
791 1424 998 1464 herbarum
1030 1422 1321 1475 subpeditanda
1351 1421 1401 1460 ad
1431 1421 1503 1460 hoc
1525 1434 1621 1472 opus
1643 1434 1734 1458 con-

70 1483 287 1522 ficiendum
336 1483 548 1533 plurimum
599 1482 731 1522 valuit.
799 1483 956 1523 Gratias
1002 1496 1156 1533 quoque
1203 1481 1397 1519 maximas
1448 1478 1733 1517 illustrissimae

69 1541 291 1580 academiae
320 1540 537 1579 litterarum
569 1554 770 1580 caesareae
791 1540 1096 1581 Vindobonensi
1128 1538 1260 1585 debeo,
1293 1551 1393 1589 quae
1415 1551 1475 1575 me
1497 1542 1536 1574 et
1556 1537 1597 1574 in
1629 1549 1733 1587 pere-

69 1599 286 1650 grinatione
317 1612 403 1637 mea
432 1613 501 1650 per
532 1598 739 1638 Graeciam
771 1599 943 1637 secunda
981 1604 1019 1637 et
1059 1598 1098 1635 in
1137 1597 1305 1635 editione
1335 1595 1450 1633 huius
1482 1595 1606 1645 operis
1638 1593 1733 1631 libe-

72 1656 263 1695 ralissima
294 1656 568 1695 munificentia
599 1657 761 1696 adiuvit.

187 1714 308 1766 Spero
338 1715 444 1753 hunc
474 1714 626 1761 librum,
664 1728 780 1766 quem
813 1714 863 1753 ad
894 1713 1054 1752 niodum
1088 1714 1138 1752 sit
1168 1725 1342 1755 mancus,
1375 1717 1507 1749 tamen
1540 1709 1734 1754 omnibus,

71 1772 138 1823 qui
168 1772 290 1810 florae
321 1772 495 1811 Graecae
525 1786 682 1823 operam
714 1772 820 1818 dant,
864 1772 1094 1823 111agistrum
1135 1776 1251 1822 atque
1291 1770 1348 1814 iis,
1390 1768 1456 1819 qui
1492 1768 1655 1819 posthac
1687 1766 1735 1804 de

70 1829 144 1868 hac
174 1843 214 1868 re
241 1836 439 1881 quaerent,
481 1830 787 1869 fundamentum
827 1830 920 1876 fore,
962 1843 1082 1880 quare
1122 1841 1281 1880 operam
1324 1827 1469 1864 multos
1510 1839 1578 1876 per
1609 1837 1734 1862 annos

70 1887 114 1925 in
145 1886 246 1926 hanc
276 1902 358 1926 rem
389 1894 661 1939 consumptam
695 1901 755 1926 me
786 1901 866 1926 non
898 1887 1113 1939 perdidisse
1144 1892 1250 1938 puto.

1431 2033 1667 2083 Auctor.

1489 2947 1528 2982 14<
